3200 5050
1617 387 2040 448 ..56—

704 585 819 662 est,
878 575 1269 664 Πυθαγόρου
1316 583 1463 651 Βίος
1510 617 1592 626 -—
1644 583 1836 644 istinc
1901 582 2070 644 enim
2143 580 2476 664 decerptos
2545 599 2684 644 esse
2751 580 2946 644 flores

706 689 745 768 ξ
797 688 921 750 129
944 707 975 750 s
1038 707 1230 770 supra
1294 686 1848 751 demonstrabatur
1905 725 1990 733 —-
2049 688 2364 771 posterior
2425 687 2626 750 fuisse
2691 687 2950 751 videtur

704 794 1065 858 Sententiis

884 901 1233 982 singulare,
1279 899 1449 981 quod
1498 900 1758 981 quidem
1798 919 1913 962 nos
1952 899 2318 974 viderimuS,
2357 901 2528 964 iuter
2562 900 2949 964 Dicaearchi

704 1010 861 1071 Βίου
904 1000 1193 1077 Ἑλλάδος
1239 1011 1305 1070 et
1348 1006 1652 1069 Virorum
1703 1006 1882 1069 Vitas
1947 1005 2229 1070 medium
2295 1006 2618 1088 quoddam
2670 1006 2796 1068 fuit
2843 1007 2950 1069 lit-

710 1118 989 1177 terarum
1034 1133 1238 1195 genus
1282 1115 1433 1183 Βίος
1476 1107 1934 1197 Πυθαγόρειος,
1983 1133 2110 1193 quo
2157 1119 2482 1194 tamquam
2527 1118 2948 1197 conspectum

702 1221 841 1284 fere
932 1221 1255 1284 societatis
1336 1219 1774 1282 nobilissimae
1835 1219 2150 1284 factorum
2225 1220 2670 1302 dictorumque
2739 1220 2951 1283 oculis

700 1327 1055 1409 legentium
1134 1326 1479 1410 praebebat
1552 1326 1904 1390 liberaliter
1975 1346 2130 1389 usus
2211 1327 2394 1410 copia
2487 1326 2948 1410 exemplorum.

704 1433 993 1509 Quorum
1059 1434 1350 1516 quamvis
1416 1432 1616 1496 multa
1661 1435 1986 1516 perierint,
2035 1435 2148 1495 vix
2195 1453 2348 1496 casu
2395 1453 2470 1496 ca
2517 1452 2680 1514 quae
2725 1451 2950 1516 super-

702 1546 855 1602 sunt
898 1558 975 1604 eo
1022 1545 1173 1601 sunt
1210 1540 1471 1602 nomine
1518 1557 1780 1621 prorsus
1825 1539 2062 1602 similia
2107 1539 2276 1621 quod
2310 1539 2710 1622 Pythagorae
2736 1540 2948 1622 ipsius

704 1665 1031 1728 nunquam
1098 1651 1209 1708 aut
1269 1645 1511 1708 factum
1558 1651 1672 1708 aut
1715 1645 1960 1708 dictum
2005 1647 2286 1708 affertur.
2377 1645 2605 1727 Itaque
2652 1646 2949 1728 quisquis

702 1753 1019 1816 eiusmodi
1077 1752 1333 1816 silentio
1380 1771 1650 1816 concom
1695 1752 1938 1834 aliquid
1989 1753 2268 1816 tribuere
2315 1752 2592 1833 audebit,
2653 1771 2820 1834 quae
2869 1753 2948 1816 de

698 1860 956 1923 scholae
1016 1860 1347 1924 conditore
1404 1865 1728 1943 comperta
1793 1861 2066 1943 scriptor
2119 1859 2414 1923 habuerit
2461 1859 2620 1922 haec
2668 1860 2950 1923 coniciet

700 1967 1013 2049 peculiari
1083 1986 1232 2030 eum
1296 1966 1459 2029 libro
1523 1972 1712 2029 antea
1785 1966 2361 2049 comprehendisse.
2451 1965 2668 2029 Huius
2749 1966 2949 2048 igitur

698 2074 1213 2157 supplementum
1280 2073 1599 2156 putandus
1667 2079 1766 2137 est
1811 2076 1961 2144 Βίος
2006 2072 2118 2136 ille
2164 2057 2628 2157 Πυθαγόρειος,
2691 2073 2949 2156 supple-

702 2187 991 2244 mentum
1054 2181 1111 2242 si
1160 2181 1451 2244 conferre
1514 2179 1712 2243 libros
1757 2180 1953 2243 libeat
2007 2181 2198 2244 etiam
2245 2172 2684 2260 Ἀποᾳάσεων.
2773 2179 2945 2244 Raro

702 2288 995 2349 homines
1062 2287 1233 2368 quod
1295 2287 1541 2351 faciunt
1609 2306 1740 2349 una
1809 2287 1962 2349 moti
2029 2306 2224 2350 causa
2279 2287 2542 2350 faciunt„
2634 2287 2819 2350 Licet
2885 2293 2948 2350 et

701 2393 1069 2458 Aristotelis
1137 2393 1503 2476 exemplum
1574 2400 1640 2456 et
1686 2393 2026 2476 disciplina
2071 2395 2492 2457 commoverit
2535 2393 2944 2476 discipulum,

704 2505 777 2563 ut
820 2502 991 2565 vitae
1030 2500 1495 2585 Pythagoricae
1543 2502 1838 2564 instituta
1881 2502 2116 2584 scripto
2165 2501 2496 2585 colligeret
2537 2501 2678 2565 loco
2727 2519 2946 2565 exem—

698 2610 969 2691 plorum,
1016 2608 1250 2691 quibus
1302 2609 1633 2672 doctrinae
1681 2609 1906 2672 morali
1953 2608 2326 2672 condendae
2369 2614 2584 2691 posset
2617 2614 2942 2691 tamquam

706 2716 1271 2799 hypomnematum
1356 2717 1624 2778 materia
1685 2716 1900 2798 spargi
1947 2715 2052 2797 (cf.
2099 2715 2249 2796 Le0,
2323 2716 2656 2779 Gr.-Rom.
2733 2715 2944 2799 Biogr.

704 2843 765 2904 p.
832 2823 913 2885 95
934 2824 1055 2903 ss):
1131 2823 1513 2904 Pythagorei
1592 2824 1983 2885 Aristoxeno
2057 2824 2348 2905 propriae
2421 2822 2602 2885 fuere
2673 2822 2944 2898 curae.¹)

704 2928 1047 2992 Celebrate
1092 2948 1241 2991 eum
1280 2929 1558 2992 voluisse
1588 2931 1764 2991 viros
1801 2929 2047 3011 ingenii
2083 2930 2182 2991 sui
2229 2930 2574 2992 nutritores
2621 2934 2945 3012 totamque

698 3040 941 3099 sectam
960 3034 1513 3118 Pythagoreorum
1537 3036 1850 3098 diximus:
1891 3035 2184 3098 addimus
2216 3055 2389 3098 nunc
2425 3036 2758 3118 scripsisse
2797 3055 2940 3100 eum

702 3142 1081 3223 SententiaS,
1127 3155 1201 3205 ut
1247 3163 1433 3224 quam
1484 3143 1684 3205 ardua
1731 3143 1850 3204 viri
1891 3142 2228 3205 duxissent
2271 3142 2562 3225 petenda,
2609 3144 2941 3225 scripsisse

700 3250 915 3312 Vitam
947 3249 1455 3331 Pythagoricam,
1505 3258 1575 3311 ut
1617 3249 1946 3331 exemplar
1977 3248 2138 3310 illud
2175 3249 2576 3330 formamque
2623 3250 2792 3312 vitae
2819 3248 2942 3331 ipsi

699 3376 890 3437 quani
960 3357 1217 3437 egregie
1283 3356 1497 3437 adepti
1562 3362 1776 3418 essent
1835 3354 2106 3436 quilibet
2149 3355 2400 3418 audiret
2443 3373 2571 3418 non
2619 3356 2759 3419 sine
2808 3374 2942 3419 cer-

700 3462 878 3524 tandi
926 3462 1166 3526 ardore.
1258 3463 1465 3543 Igitur
1512 3463 1926 3525 coniunxisse
1973 3462 2226 3525 videtur
2259 3464 2682 3525 Aristoxenus
2729 3463 2794 3524 in
2845 3462 2940 3524 his

696 3567 879 3631 libris
910 3569 1268 3631 Aristotelis
1296 3572 1581 3653 θεωρίαν
1625 3570 1729 3630 καὶ
1768 3566 2052 3651 ἱστορίαν
2099 3575 2162 3631 et
2191 3568 2664 3650 Pythageorum
2693 3572 2938 3651 πρᾶξιν.

880 3726 921 3793 ¹)
958 3724 1034 3778 In
1070 3726 1217 3779 libro
1253 3742 1425 3795 quem
1462 3727 1591 3797 περὶ
1633 3726 2030 3795 Πυθαγορείων
2059 3725 2406 3780 Aristoteles
2434 3730 2538 3778 aut
2565 3730 2688 3797 ipse
2717 3742 2941 3798 compo-

696 3817 819 3867 suit
856 3818 959 3866 aut
994 3830 1336 3885 componere
1372 3818 1742 3883 nescioquem
1781 3814 2129 3885 discipulum
2165 3818 2339 3867 iussit
2373 3812 2738 3883 Pythagoras
2795 3814 2938 3868 fabis

696 3906 1049 3956 abstinuisse
1084 3903 1407 3971 ferebatur3
1446 3902 1518 3956 cf.
1558 3902 1730 3972 Diog.
1769 3902 1963 3956 Laert
1995 3903 2147 3956 VIII
2181 3904 2269 3957 34.
2344 3902 2499 3957 Rose
2531 3905 2704 3961 Arist
2743 3902 2937 3975 pseud.

698 4009 754 4062 p.
794 3991 914 4044 199.
997 3990 1215 4045 Contra
1256 4009 1433 4061 quam
1432 3960 1698 4045 famam
1749 4009 1926 4062 quam
1971 3992 2240 4045 alacriter
2293 3992 2678 4047 Aristoxenus
2722 4009 2940 4063 pugna-

698 4083 849 4133 verit
884 4086 1091 4134 notum
1128 4086 1218 4132 est
1253 4097 1286 4132 e
1323 4080 1495 4133 Gellii
1530 4080 1603 4136 N.
1643 4082 1770 4133 Att.
1809 4081 1895 4134 IV
1935 4082 2016 4138 11.
2055 4082 2117 4134 4:
2166 4076 2249 4133 διὸ
2291 4101 2382 4133 και
2417 4076 2647 4153 μάλιστα
2683 4081 2936 4154 κέχρνται

697 4160 843 4239 αυτῷ
880 4168 1021 4237 (scil.
1070 4170 1140 4238 τῷ
1194 4164 1420 4239 κυάμῳ).
1494 4170 1704 4239 Itaque
1757 4174 2019 4240 suspicor
2071 4170 2237 4223 illum
2293 4170 2504 4224 librum
2559 4170 2936 4224 Aristoxeneo

696 4256 879 4311 fuisse
915 4261 1312 4310 vetustiorem.

1625 4366 2018 4401 —oaeo—
