3200 5050
1219 377 1657 438 -55-

320 573 456 637 scil.
522 567 647 646 ἕξις
707 563 1031 657 ἐπαινετή,
1105 571 1252 633 καθ’
1318 563 1395 655 ἣν
1463 569 1843 645 ἀποδέξεται
1908 565 1948 632 ἃ
2012 571 2115 634 δεῖ
2171 572 2280 634 καὶ
2316 569 2399 641 ὥς
2441 569 2556 651 δεῖ,

319 679 551 758 ὁμοίως
615 675 685 740 δὲ
746 677 852 739 καὶ
913 677 1290 760 δυσχερανεῖ
1335 696 1547 740 nonne
1618 677 1848 741 elicere
1905 677 2200 758 quamvis
2248 677 2554 740 variatam

318 784 505 848 licuit
569 784 921 848 doctrinam
983 783 1214 847 Jambl.
1274 785 1478 864 §180
1545 790 1609 847 et
1674 784 1843 846 181?
1938 783 2100 846 Nam
2162 783 2315 865 quid
2380 782 2555 846 aliud

319 892 707 955 Aristoxeno
756 897 854 954 est
899 887 934 952 ὁ
978 881 1191 973 καιρὸς
1235 890 1360 953 nisi
1408 909 1570 972 quae
1618 891 1898 972 primum
1945 882 2107 952 κατὰ
2152 885 2261 961 τὰς
2310 887 2557 970 ὁμιλίας

319 997 552 1061 deinde
621 997 1008 1080 ubicumque
1072 1016 1289 1060 rerum
1351 996 1522 1060 valet
1577 990 1853 1081 μεσότης
1920 997 2276 1079 quaedam?
2357 996 2555 1078 idque

321 1103 833 1187 conspirantibus
893 1103 1157 1167 Graecis
1221 1103 1453 1166 animis
1515 1103 1706 1167 facile
1774 1104 2087 1184 omnibuS,
2149 1123 2263 1186 pro
2319 1103 2556 1185 quibus

319 1213 759 1275 testimonium
797 1212 966 1276 dicat
995 1211 1196 1293 Plato,
1227 1211 1693 1276 Graecissimus
1732 1212 1941 1292 hom0‚
1990 1211 2239 1275 Politic.
2276 1231 2331 1295 p.
2354 1209 2553 1273 284ss

319 1320 580 1396 (τέχνας)
626 1312 862 1381 ἶπόσαι
907 1310 1070 1402 πρὸς
1113 1311 1188 1380 τὸ
1232 1320 1492 1401 μέτριον
1518 1318 1626 1380 καὶ
1652 1309 1727 1379 τὸ
1763 1321 2022 1402 πρέπον
2057 1319 2164 1381 καὶ
2192 1310 2303 1379 τὰν
2338 1309 2555 1400 καιρὸν

316 1425 424 1486 καὶ
485 1417 561 1486 τὸ
624 1425 768 1488 δέον
829 1426 936 1488 καὶ
989 1417 1193 1487 πάνθ’
1241 1417 1454 1486 ὁπόσα
1499 1421 1590 1496 εἰς
1633 1417 1709 1487 τὸ
1754 1429 1992 1504 μέσον
2038 1417 2383 1509 ἀπῳκίσθη
2427 1426 2555 1486 τῶν

317 1525 612 1610 ἐσχάτων.
702 1531 763 1594 Ν
767 1531 1090 1595 ondumne
1160 1531 1494 1614 persuasi?
1586 1533 1746 1614 Age,
1810 1551 2125 1615 apponam
2192 1530 2554 1593 Aristotelis

319 1638 515 1701 verba
560 1639 748 1720 paulo
794 1638 1117 1718 inferiora,
1163 1638 1316 1701 ibid.
1365 1658 1422 1699 v.
1456 1638 1540 1700 36
1571 1657 1661 1700 ss:
1712 1630 2136 1722 διαφεροντως
2182 1637 2235 1699 δ’
2266 1630 2553 1720 ὁμιλήσει

316 1751 448 1814 τοῖς
470 1739 540 1806 ἐν
566 1737 875 1824 ἀξιώμασι
900 1745 1007 1806 καὶ
1042 1751 1175 1815 τοῖς
1200 1746 1474 1822 τυχοῦσι,
1512 1744 1620 1806 καὶ
1649 1734 1957 1823 μᾶλλον”
1920 1765 1957 1828 η
1987 1739 2179 1830 ἧττον
2208 1745 2551 1827 γνωρίμοις,

318 1842 547 1930 ομοίως
592 1844 663 1914 δὲ
725 1851 831 1913 καὶ
892 1843 1054 1912 κατὰ
1115 1842 1228 1922 τὰς
1274 1845 1464 1921 ἄλλας
1510 1844 1832 1934 διαφοράς,
1882 1843 2163 1922 ἑκάστοις
2208 1850 2555 1929 ἀπονέμων

316 1949 391 2019 τὸ
426 1961 710 2041 πρέπονε
761 1958 840 2021 of.
889 1958 1234 2040 fragmenti
1283 1959 1320 2039 ξ
1371 1958 1496 2020 180
1545 1957 1901 2021 exordium.

493 2064 728 2129 Tamen
767 2044 1046 2147 gaudeas
1085 2064 1163 2128 de
1190 2057 1348 2151 τύχῃ
1377 2069 1441 2127 et
1469 2067 1667 2149 καιρῷ
1694 2083 1810 2127 sua
1840 2069 2062 2148 sponte
2093 2064 2551 2127 Aristoxenum

316 2172 720 2254 proposuisse
802 2171 926 2234 sibi
990 2171 1400 2254 peculiariter
1458 2190 1782 2253 quaerere.
1893 2170 2075 2233 Nihil
2148 2189 2299 2234 sane
2382 2169 2551 2252 quod

319 2297 578 2360 compar
631 2279 716 2340 sit
758 2278 1040 2360 reperias
1088 2278 1155 2340 in
1200 2278 1680 2356 Nicomacheis3
1744 2277 1854 2340 sed
1903 2277 2142 2340 similia
2186 2281 2337 2340 sunt
2383 2296 2554 2340 com·

317 2385 608 2466 pluribus
645 2385 1014 2448 nominibus
1049 2385 1204 2469 περὶ
1232 2385 1521 2464 εὐτυχίας
1559 2403 1724 2466 quae
1749 2385 1985 2466 scripta
2018 2389 2169 2446 sunt
2190 2385 2259 2446 in
2290 2383 2554 2447 Eudem.

316 2511 374 2575 p.
428 2491 657 2558 1246b
707 2493 787 2555 37
813 2512 891 2574 SS,
938 2493 1009 2556 in
1054 2491 1306 2575 Magnis
1356 2492 1526 2557 1206
1566 2491 1607 2555 b
1647 2492 1731 2556 30
1753 2510 1833 2555 ss,

494 2598 688 2662 Plura
759 2600 897 2663 fore
963 2618 1127 2681 quae
1195 2604 1717 2682 compararentur
1778 2617 2129 2681 sperassem
2194 2599 2345 2681 ipse,
2424 2599 2551 2661 nisi

315 2698 735 2786 Ἀποφάσεων
780 2706 1092 2789 sapientia
1129 2712 1193 2769 et
1237 2706 1389 2769 trita
1434 2711 1601 2769 esset
1624 2705 1999 2789 plerumque
2032 2704 2249 2769 oribus
2287 2704 2552 2769 Graecis

319 2817 382 2875 et
439 2813 510 2875 in
570 2813 967 2895 gravissimis
1040 2818 1284 2875 tantum
1339 2814 1689 2896 paucisque
1736 2831 2123 2894 unoquoque
2166 2812 2309 2876 loco
2356 2812 2551 2875 rebus

315 2918 676 2982 iudicandis
725 2924 1098 2983 versaretur.
1192 2919 1375 2994 Quod
1413 2939 1604 3000 quam
1624 2919 1817 3001 ⁴longe
1847 2919 2026 2983 abest
2062 2919 2139 2982 ab
2178 2917 2551 2982 Ethie'orum

315 3025 872 3088 Aristotelicorum
938 3025 1418 3107 quaestionibus
1471 3026 1745 3108 propriis
1793 3030 2050 3108 tamque
2098 3026 2338 3089 severis
2386 3045 2552 3107 quae

314 3129 591 3194 latebrae
639 3131 1096 3194 difficultatum
1141 3132 1357 3196 nullae
1403 3132 1535 3195 fere
1583 3131 1857 3195 lateant!

492 3238 936 3301 Intelleximus
1004 3239 1203 3321 igit-ur
1263 3258 1380 3302 cur
1441 3258 1570 3301 non
1642 3243 1889 3301 veteres
1947 3243 2195 3302 tantum
2258 3239 2552 3303 homines

320 3364 467 3407 cum
513 3345 845 3428 ingenium
891 3347 1268 3409 Aristoxeni
1315 3345 1640 3409 celebrent
1691 3346 2077 3408 mentionem
2137 3344 2379 3408 iaciant
2420 3365 2550 3409 non

321 3446 753 3533 Ἀποφάσεων,
802 3452 914 3515 sed
961 3453 1244 3515 musicae
1291 3452 1444 3514 artis
1491 3458 1556 3515 e‘t
1585 3450 1882 3515 Vitarum
1911 3450 2234 3515 Virorum.
2297 3452 2550 3535 Ergone

315 3559 544 3641 prioris
610 3578 686 3621 ac
738 3558 1007 3621 fortasse
1070 3557 1450 3621 infirmioris
1514 3559 1739 3621 aetatis
1801 3557 1977 3622 dices
2040 3558 2227 3621 illas?
2318 3558 2361 3621 J
2364 3559 2551 3621 ambl.

317 3667 353 3746 ξ
388 3666 532 3746 129,
579 3667 994 3728 Aristoxenei
1025 3666 1151 3728 nisi
1182 3666 1395 3728 omnia
1423 3665 1657 3728 fallunt
1681 3665 2041 3747 fragmenti,
2071 3666 2229 3729 haec
2255 3666 2550 3747 legantur

316 3771 511 3834 verba
566 3790 871 3853 perquam
927 3771 1388 3837 memorabilia:
1458 3765 1691 3852 νόμους
1754 3765 2111 3852 εφυλαττον
2164 3793 2272 3836 και
2326 3766 2553 3843 πόλεις

314 3869 609 3948 Ἰταλικάς
666 3872 976 3962 διῴκησαν
1034 3897 1214 3960 τινες,
1280 3871 1823 3983 ἀποφαινόμενοι
1852 3880 1959 3942 καὶ
2016 3873 2555 3962 συμβουλεύοντες

312 3977 394 4045 τὰ
440 3979 662 4070 ἄριστα
720 3982 804 4046 ὧν
859 3979 1329 4067 ὑπελάμβανον.
1424 3985 1488 4049 Si
1546 3987 1690 4067 quis
1746 3987 1982 4069 scripto
2039 3986 2232 4050 vellet
2289 3987 2555 4050 collecta

314 4090 439 4153 sibi
484 4095 696 4155 mente
742 4092 986 4175 fingere
1033 4084 1114 4154 τὰ
1161 4088 1383 4177 ἄριστα
1431 4092 1541 4155 illa
1587 4088 1673 4153 ὥν
1711 4085 2181 4175 ἐπελάμβανον,
2230 4094 2553 4176 aptissime

315 4199 597 4261 omnium
659 4199 878 4261 liceret
929 4199 1260 4263 reminisci
1312 4194 1729 4280 Ἅποφάσεωι.
1833 4199 2041 4276 Quare
2098 4201 2366 4264 forsitan
2419 4219 2551 4261 non

311 4311 549 4368 temere
597 4307 832 4368 iactum
879 4306 960 4368 sit
1007 4297 1528 4385 ἀποφαινόμενοι.
1623 4307 1806 4382 Quod
1868 4308 1922 4369 si
1967 4314 2142 4371 recte
2190 4310 2553 4371 coniectum
