3200 5050
1522 373 1919 434 ...6.-

601 585 824 648 campo
872 565 1242 646 Alexandri,
1307 566 1494 650 plane
1563 587 1795 630 novam
1831 567 2133 631 subimus
2176 587 2353 630 nunc
2400 570 2839 651 quaestionem

601 672 1139 756 paragraphorum
1191 674 1348 736 l7ss
1389 673 1470 736 ad
1509 675 1593 737 24
1632 674 1945 757 originem
1984 679 2497 756 structuramque
2529 677 2841 739 rimaturi.

600 780 700 842 Ac
740 780 818 861 ἐξ
852 781 925 842 17
965 785 1027 842 et
1062 781 1140 843 18
1171 780 1450 862 quidem,
1497 800 1662 862 quae
1707 780 1924 844 verbis
1972 785 2009 860 ἕ
2061 783 2143 844 18
2190 787 2350 844 extr.
2397 783 2503 844 καὶ
2548 774 2631 844 τὰ
2676 778 2843 845 ἄλλα

600 878 762 970 πρὸς
830 889 1034 948 ταῦτα
1103 880 1331 950 λοιπόν
1393 881 1563 950 ἐστιν
1630 881 2065 969 ἐκλαμβάνειν,
2132 885 2237 950 ἵνα
2282 879 2375 973 μὴ
2420 887 2845 973 παρέλκωμεν

602 993 883 1058 dilucide
931 1000 1352 1058 secernuntur
1397 992 1475 1057 ab
1523 994 2032 1077 insequentibuS,
2098 995 2292 1058 simul
2339 1015 2486 1060 cum
2534 998 2628 1060 eis
2676 1017 2841 1080 quae

600 1101 787 1184 paulo
837 1106 1022 1165 antea
1069 1102 1525 1184 conspeximus
1572 1103 1899 1165 mittamus
1946 1102 2121 1165 aliud
2170 1103 2519 1167 molientes,

777 1207 820 1271 J
821 1228 922 1271 am
987 1210 1043 1271 si
1107 1227 1214 1272 eas
1279 1227 1441 1290 quae
1507 1214 1751 1274 restant
1815 1214 2135 1291 tamquam
2192 1229 2465 1292 purgare
2510 1210 2843 1275 studemus

602 1315 1054 1380 additamentis
1100 1321 1292 1397 atque
1337 1317 1431 1378 ita
1477 1315 1812 1396 dissecare,
1862 1322 1934 1379 ut
1979 1336 2143 1398 quae
2190 1317 2573 1381 cohaereant
2618 1339 2655 1381 a
2702 1338 2842 1401 par-

604 1423 817 1486 ticulis
861 1423 1129 1505 reliquis
1175 1423 1609 1506 seiungantur,
1656 1424 1936 1505 primum
1975 1423 2167 1488 verba
2196 1424 2233 1504 §
2272 1425 2352 1486 21
2394 1425 2553 1509 φησὶ
2589 1424 2649 1487 δ’
2686 1426 2843 1509 Ἱερ-

603 1522 846 1610 ὥνυμος
892 1530 971 1593 ad
1019 1535 1364 1594 exeuntem
1410 1531 1624 1594 statim
1661 1531 2227 1594 animadvertimus
2264 1532 2664 1614 ineptissimo
2703 1551 2843 1596 esse

601 1637 741 1701 loco
788 1638 1124 1701 inculcata.
1216 1637 1414 1702 Porro
1453 1638 2013 1720 neglegentissime
2061 1639 2497 1721 superioribus
2545 1639 2844 1722 adspersa

603 1750 751 1808 sunt
813 1744 1191 1827 paragraphi
1239 1745 1324 1809 20
1379 1735 1415 1805 ὅ
1460 1764 1525 1823 γε
1571 1737 1701 1828 μὴν
1746 1740 2169 1829 Ἀριστόξενος
2214 1740 2427 1808 πάντα
2475 1745 2595 1825 μὲν
2639 1741 2841 1810 τᾶλλα

603 1859 940 1935 συγχωρεῖν
985 1843 1182 1914 αὐτὸν
1227 1847 1530 1916 ἐσθίειν
1577 1847 1860 1938 ἔμψυχα,
1908 1846 2121 1932 μόνων
2158 1852 2217 1915 δ’
2254 1845 2450 1915 αὐτὸν
2481 1845 2845 1932 ἀπέχεσθαι

603 1950 906 2044 ἀροτῆρος
964 1951 1114 2041 βοὰς
1175 1961 1282 2022 καὶ
1340 1963 1534 2044 κριοῦ.
1629 1957 1791 2022 Nam
1861 1979 2009 2023 cum
2063 1960 2223 2024 haec
2267 1961 2585 2024 sententia
2631 1961 2843 2026 variae

603 2065 900 2130 lectionis
946 2067 1147 2129 instar
1192 2066 1594 2149 adiungatur,
1642 2085 1856 2130 nonne
1903 2066 2059 2147 quid
2116 2071 2305 2130 edere
2352 2066 2573 2130 saltem
2620 2067 2847 2131 liceret

603 2172 758 2254 quid
826 2191 957 2236 non
1021 2178 1433 2256 praeceptum
1505 2192 1643 2238 esse
1705 2173 2012 2237 ducamus
2067 2175 2163 2237 eis
2210 2193 2375 2255 quae
2421 2175 2843 2238 antecedant?

604 2278 726 2343 Sed
792 2282 1153 2363 argumenti
1241 2281 1434 2344 huius
1496 2281 1639 2344 loco
1716 2286 2025 2364 apparent
2094 2283 2407 2352 θυσίαις
2480 2301 2553 2344 τε
2618 2277 2844 2366 ἐχρῆτο

605 2379 892 2473 ἆψίχοις.
983 2387 1226 2471 Aperta
1271 2393 1367 2451 est
1430 2387 1709 2452 hominis
1769 2389 2177 2452 nesciocuius
2223 2387 2526 2451 socordia.
2618 2389 2846 2453 Atten-

605 2493 792 2558 datur
855 2495 1028 2559 enim
1095 2494 1288 2559 velim
1345 2495 1640 2559 futurum
1681 2497 1837 2560 'non
1885 2495 2086 2560 fuisse
2135 2500 2206 2559 ut
2249 2496 2636 2560 iterarentur
2681 2515 2843 2579 quae

603 2602 1072 2667 Themistoclea
1105 2602 1418 2687 Delphica
1464 2603 1801 2685 docuisset,
1850 2604 1928 2667 cf.
1964 2605 2001 2686 ξ
2042 2606 2099 2684 8,
2148 2604 2275 2666 nisi
2303 2604 2373 2666 in
2404 2603 2678 2667 frustulo
2716 2604 2846 2686 ino,

607 2709 779 2790 quod
815 2728 850 2773 e
889 2710 1190 2773 Favorini
1235 2710 1418 2773 libris
1464 2710 1755 2774 Laertius
1802 2709 2163 2791 adsciverit,
2210 2711 2661 2775 cohaesissent.
2720 2711 2848 2775 De-

605 2816 804 2899 nique
851 2816 1133 2880 breviter
1175 2816 1402 2899 loquar
1448 2816 1526 2880 de
1575 2815 1825 2879 duobus
1874 2818 2224 2880 enuntiatis
2272 2836 2435 2899 quae
2483 2836 2611 2880 non
2658 2817 2845 2881 modo

493 2956 498 2961 ·
605 2943 681 2987 ea
727 2924 806 2987 de
853 2943 1046 2987 causa
1090 2922 1297 2987 eidem
1363 2923 1550 2987 simul
1620 2922 1945 3006 prodenda
1990 2929 2141 2986 sunt
2185 2925 2355 3005 sorti,
2405 2923 2574 3006 quod
2623 2945 2662 2987 a
2704 2945 2849 3007 pro-

604 3032 866 3114 pinquis
967 3031 1222 3095 diversa
1302 3037 1465 3114 sunt,
1558 3031 1672 3095 sed
1764 3032 1955 3095 etiam
2047 3031 2217 3113 quod
2298 3030 2495 3095 altero
2577 3033 2847 3096 alterum

605 3139 949 3220 aliquando
1016 3143 1356 3222 exceptum
1421 3158 1562 3203 esse
1628 3138 2018 3203 concedatur
2080 3157 2343 3203 necesse
2409 3144 2519 3203 est.
2622 3139 2847 3221 Neque

607 3236 753 3310 cuin
801 3246 1213 3310 inferioribus
1260 3252 1623 3330 congruunt
1647 3283 1728 3293 -
1756 3247 1823 3309 id
1871 3246 2039 3328 quod
2068 3245 2174 3309 vel
2204 3246 2525 3309 Rohdium
2563 3246 2730 3327 fugit
2762 3284 2843 3292 —

607 3356 640 3435 ξ
698 3354 776 3416 19
825 3355 910 3417 in.
957 3346 1201 3424 παντὸς
1251 3352 1320 3416 δὲ
1365 3352 1609 3433 μᾶλλον
1656 3345 2014 3438 ἀπηγόρευε
2059 3346 2211 3438 μήτ’
2256 3349 2557 3437 ἐρυθῖνον
2604 3348 2849 3417 ἐσθίειν

605 3460 730 3526 κτὲ.
778 3461 856 3524 ad
924 3457 1156 3540 ἐνίοτες
1229 3480 1372 3523 nam
1421 3461 1520 3523 his
1564 3466 1906 3544 praecepta
1952 3460 2261 3543 quaedam
2310 3460 2677 3523 offeruntur
2723 3459 2850 3522 dis-

608 3570 838 3652 cipulis
885 3590 923 3630 a
986 3567 1361 3651 philosopho
1409 3568 1723 3650 imposita,
1778 3568 1907 3631 illis
1954 3560 2189 3629 αὕτὸν
2234 3566 2293 3629 δ’
2339 3558 2677 3651 ἀρκεῖσθαι
2722 3565 2848 3630 κτλ.

609 3675 878 3739 definite
926 3676 1005 3739 de
1053 3675 1455 3758 Pythagorae
1506 3676 1698 3737 unius
1744 3675 2017 3738 refertur
2052 3674 2302 3737 ratione
2342 3673 2602 3737 vivendi
2641 3693 2851 3756 neque

607 3784 846 3846 mentio
912 3783 992 3845 fit
1055 3786 1452 3845 sectatorum.
1545 3781 1778 3862 Neque
1844 3780 2111 3843 alterum
2179 3801 2327 3844 cum
2383 3782 2543 3864 ipsis
2590 3780 2851 3862 quidem

612 3890 1051 3973 superioribus
1118 3890 1425 3972 coniungi
1473 3893 1682 3973 potest
1725 3888 2155 3970 fragmentum
2203 3890 2239 3967 ξ
2288 3888 2375 3951 24
2420 3891 2547 3951 τῶν
2592 3887 2663 3951 δὲ
2707 3883 2849 3950 κυά-

607 4018 745 4077 μων
802 3990 1162 4075 ἄπέχεσθαι
1224 3993 1381 4073 κτλ.;
1450 4016 1596 4059 nam
1663 3995 1720 4058 si
1782 3994 1859 4057 ab
1928 3993 2181 4057 illorum
2251 4000 2512 4059 auctore
2568 3995 2853 4077 profecta

610 4109 836 4186 essent,
901 4122 1097 4186 prope
1161 4102 1358 4166 verba
1404 4104 1442 4182 ἓ
1489 4103 1571 4165 23
1621 4095 1879 4182 φεύγειν
1926 4104 2171 4186 σαρκῶν
2214 4095 2639 4183 πλεονασμόν,
2686 4121 2851 4183 quae

606 4216 781 4275 recte
856 4210 932 4273 ab
1010 4210 1363 4275 editoribus
1427 4227 1615 4272 versa
1690 4213 1840 4272 sunt
1901 4208 2128 4272 Latine
2192 4208 2563 4291 fugiendam
2640 4210 2851 4271 carnis

609 4318 998 4400 superfluam
1077 4316 1629 4400 pinguetudinem,
1707 4315 1981 4379 fuissent
2044 4314 2442 4387 collocanda;
2527 4322 2854 4397 praeterea
