<?xml version="1.0" encoding="UTF-8"?>
<!DOCTYPE html PUBLIC "-//W3C//DTD XHTML 1.0 Transitional//EN"
    "http://www.w3.org/TR/xhtml1/DTD/xhtml1-transitional.dtd">
<html xmlns="http://www.w3.org/1999/xhtml" xml:lang="en" lang="en">
 <head>
  <title>
</title>
<meta http-equiv="Content-Type" content="text/html;charset=utf-8" />
  <meta name='ocr-system' content='tesseract 3.04.00' />
  <meta name='ocr-capabilities' content='ocr_page ocr_carea ocr_par ocr_line ocrx_word'/>
</head>
<body>
  <div class='ocr_page' id='page_1' title='image "./dearistoxenipyt00mewagoog_0034.png"; bbox 0 0 3200 5050; ppageno 0'>
   <div class='ocr_carea' id='block_1_1' title="bbox 1556 386 1998 448">
    <p class='ocr_par' dir='ltr' id='par_1_1' title="bbox 1556 386 1998 448">
     <span class='ocr_line' id='line_1_1' title="bbox 1556 386 1998 448; baseline 0 -16"><span class='ocrx_word' id='word_1_1' title='bbox 1556 386 1998 448; x_wconf 66' lang='lat'>-24-</span> 
     </span>
    </p>
   </div>
   <div class='ocr_carea' id='block_1_2' title="bbox 655 571 2899 1952">
    <p class='ocr_par' dir='ltr' id='par_1_2' title="bbox 655 571 2899 1952">
     <span class='ocr_line' id='line_1_2' title="bbox 657 571 2897 666; baseline 0.001 -23"><span class='ocrx_word' id='word_1_2' title='bbox 657 571 820 666; x_wconf 77' lang='grc' dir='ltr'><strong><em>πρὸς</em></strong></span> <span class='ocrx_word' id='word_1_3' title='bbox 863 585 1052 644; x_wconf 81' lang='grc' dir='ltr'><strong><em>τέκνα</em></strong></span> <span class='ocrx_word' id='word_1_4' title='bbox 1099 584 1292 666; x_wconf 85' lang='grc' dir='ltr'><strong><em>σχοίη.</em></strong></span> <span class='ocrx_word' id='word_1_5' title='bbox 1389 583 1473 646; x_wconf 89' lang='lat' dir='ltr'><strong>At</strong></span> <span class='ocrx_word' id='word_1_6' title='bbox 1517 581 1677 646; x_wconf 87' lang='lat' dir='ltr'><strong>haec</strong></span> <span class='ocrx_word' id='word_1_7' title='bbox 1724 602 1841 664; x_wconf 88' lang='lat' dir='ltr'><strong>ego</strong></span> <span class='ocrx_word' id='word_1_8' title='bbox 1891 582 2233 647; x_wconf 87' lang='lat' dir='ltr'><strong>cohaerere</strong></span> <span class='ocrx_word' id='word_1_9' title='bbox 2280 603 2425 647; x_wconf 92' lang='lat' dir='ltr'><strong>cum</strong></span> <span class='ocrx_word' id='word_1_10' title='bbox 2460 582 2897 666; x_wconf 89' lang='lat' dir='ltr'><strong>superioribus</strong></span> 
     </span>
     <span class='ocr_line' id='line_1_3' title="bbox 657 683 2898 775; baseline 0 -24"><span class='ocrx_word' id='word_1_11' title='bbox 657 707 822 773; x_wconf 89' lang='lat' dir='ltr'><strong>nego</strong></span> <span class='ocrx_word' id='word_1_12' title='bbox 881 693 1091 752; x_wconf 90' lang='lat' dir='ltr'><strong>motus</strong></span> <span class='ocrx_word' id='word_1_13' title='bbox 1136 689 1350 754; x_wconf 85' lang='lat' dir='ltr'><strong>verbis</strong></span> <span class='ocrx_word' id='word_1_14' title='bbox 1413 687 1618 752; x_wconf 87' lang='grc' dir='ltr'><strong><em>αἴτιον</em></strong></span> <span class='ocrx_word' id='word_1_15' title='bbox 1680 692 1968 768; x_wconf 72' lang='grc' dir='ltr'><strong><em>γίνεσθαι</em></strong></span> <span class='ocrx_word' id='word_1_16' title='bbox 2033 690 2339 774; x_wconf 82' lang='grc' dir='ltr'><strong><em>διαφορᾶς</em></strong></span> <span class='ocrx_word' id='word_1_17' title='bbox 2408 695 2471 755; x_wconf 89' lang='lat' dir='ltr'><strong>et</strong></span> <span class='ocrx_word' id='word_1_18' title='bbox 2524 686 2691 770; x_wconf 81' lang='grc' dir='ltr'><strong><em>ἔχειν</em></strong></span> <span class='ocrx_word' id='word_1_19' title='bbox 2734 683 2898 775; x_wconf 77' lang='grc' dir='ltr'><strong><em>πρὸς</em></strong></span> 
     </span>
     <span class='ocr_line' id='line_1_4' title="bbox 659 788 2895 880; baseline 0.001 -23"><span class='ocrx_word' id='word_1_20' title='bbox 659 788 982 880; x_wconf 78' lang='grc' dir='ltr'><strong><em>ἀλλήλους.</em></strong></span> <span class='ocrx_word' id='word_1_21' title='bbox 1073 797 1332 860; x_wconf 80' lang='lat' dir='ltr'>Etenim</span> <span class='ocrx_word' id='word_1_22' title='bbox 1379 817 1526 861; x_wconf 90' lang='lat' dir='ltr'><strong>cum</strong></span> <span class='ocrx_word' id='word_1_23' title='bbox 1575 818 1651 860; x_wconf 89' lang='lat' dir='ltr'><strong>ea</strong></span> <span class='ocrx_word' id='word_1_24' title='bbox 1696 800 1911 861; x_wconf 91' lang='lat' dir='ltr'><strong>omnia</strong></span> <span class='ocrx_word' id='word_1_25' title='bbox 1956 817 2123 880; x_wconf 86' lang='lat' dir='ltr'><strong>quae</strong></span> <span class='ocrx_word' id='word_1_26' title='bbox 2170 804 2358 862; x_wconf 89' lang='lat' dir='ltr'><strong>antea</strong></span> <span class='ocrx_word' id='word_1_27' title='bbox 2403 798 2771 862; x_wconf 87' lang='lat' dir='ltr'><strong>audivimus</strong></span> <span class='ocrx_word' id='word_1_28' title='bbox 2814 799 2895 862; x_wconf 93' lang='lat' dir='ltr'><strong>ad</strong></span> 
     </span>
     <span class='ocr_line' id='line_1_5' title="bbox 657 903 2896 988; baseline 0.001 -22"><span class='ocrx_word' id='word_1_29' title='bbox 657 903 1202 986; x_wconf 78' lang='lat' dir='ltr'>Pythagoreorum</span> <span class='ocrx_word' id='word_1_30' title='bbox 1265 906 1719 968; x_wconf 83' lang='lat' dir='ltr'><strong>commercium</strong></span> <span class='ocrx_word' id='word_1_31' title='bbox 1784 906 2145 988; x_wconf 89' lang='lat' dir='ltr'><strong>pertineant</strong></span> <span class='ocrx_word' id='word_1_32' title='bbox 2208 906 2543 968; x_wconf 87' lang='lat' dir='ltr'><strong>hominum</strong></span> <span class='ocrx_word' id='word_1_33' title='bbox 2591 906 2896 986; x_wconf 86' lang='lat' dir='ltr'><strong>omnium,</strong></span> 
     </span>
     <span class='ocr_line' id='line_1_6' title="bbox 659 1010 2897 1095; baseline 0.001 -23"><span class='ocrx_word' id='word_1_34' title='bbox 659 1010 758 1073; x_wconf 93' lang='lat' dir='ltr'><strong>his</strong></span> <span class='ocrx_word' id='word_1_35' title='bbox 804 1030 1062 1093; x_wconf 85' lang='lat' dir='ltr'><strong>prorsus</strong></span> <span class='ocrx_word' id='word_1_36' title='bbox 1101 1011 1415 1094; x_wconf 88' lang='lat' dir='ltr'><strong>inopinati</strong></span> <span class='ocrx_word' id='word_1_37' title='bbox 1438 1013 1725 1094; x_wconf 76' lang='lat' dir='ltr'><strong>rapimur</strong></span> <span class='ocrx_word' id='word_1_38' title='bbox 1752 1012 1827 1075; x_wconf 90' lang='lat' dir='ltr'><strong>ad</strong></span> <span class='ocrx_word' id='word_1_39' title='bbox 1852 1017 2265 1095; x_wconf 89' lang='lat' dir='ltr'><strong>conspectum</strong></span> <span class='ocrx_word' id='word_1_40' title='bbox 2285 1014 2427 1076; x_wconf 88' lang='lat' dir='ltr'><strong>eius</strong></span> <span class='ocrx_word' id='word_1_41' title='bbox 2441 1013 2897 1077; x_wconf 74' lang='lat' dir='ltr'><strong>familiaritatis</strong></span> 
     </span>
     <span class='ocr_line' id='line_1_7' title="bbox 659 1119 2899 1200; baseline 0.001 -20"><span class='ocrx_word' id='word_1_42' title='bbox 659 1119 1102 1200; x_wconf 79' lang='lat' dir='ltr'><strong>amicitiaeque</strong></span> <span class='ocrx_word' id='word_1_43' title='bbox 1167 1138 1329 1200; x_wconf 90' lang='lat' dir='ltr'><strong>quae</strong></span> <span class='ocrx_word' id='word_1_44' title='bbox 1391 1119 1594 1182; x_wconf 88' lang='lat' dir='ltr'><strong>valuit</strong></span> <span class='ocrx_word' id='word_1_45' title='bbox 1651 1121 1821 1183; x_wconf 90' lang='lat' dir='ltr'><strong>inter</strong></span> <span class='ocrx_word' id='word_1_46' title='bbox 1884 1120 2138 1184; x_wconf 90' lang='lat' dir='ltr'><strong>scholae</strong></span> <span class='ocrx_word' id='word_1_47' title='bbox 2185 1122 2409 1184; x_wconf 82' lang='lat' dir='ltr'><strong>socios,</strong></span> <span class='ocrx_word' id='word_1_48' title='bbox 2500 1120 2656 1183; x_wconf 85' lang='lat' dir='ltr'><strong>Tota</strong></span> <span class='ocrx_word' id='word_1_49' title='bbox 2702 1120 2899 1199; x_wconf 83' lang='lat' dir='ltr'><strong>igitur</strong></span> 
     </span>
     <span class='ocr_line' id='line_1_8' title="bbox 659 1225 2897 1310; baseline 0.001 -23"><span class='ocrx_word' id='word_1_50' title='bbox 659 1225 818 1289; x_wconf 89' lang='lat' dir='ltr'><strong>haec</strong></span> <span class='ocrx_word' id='word_1_51' title='bbox 886 1227 1199 1288; x_wconf 88' lang='lat' dir='ltr'><strong>enuntiati</strong></span> <span class='ocrx_word' id='word_1_52' title='bbox 1265 1246 1411 1308; x_wconf 90' lang='lat' dir='ltr'><strong>pars</strong></span> <span class='ocrx_word' id='word_1_53' title='bbox 1458 1245 1493 1290; x_wconf 93' lang='lat' dir='ltr'><strong>e</strong></span> <span class='ocrx_word' id='word_1_54' title='bbox 1541 1228 1751 1310; x_wconf 88' lang='lat' dir='ltr'><strong>capite</strong></span> <span class='ocrx_word' id='word_1_55' title='bbox 1799 1226 1967 1308; x_wconf 90' lang='lat' dir='ltr'><strong>quod</strong></span> <span class='ocrx_word' id='word_1_56' title='bbox 2014 1226 2094 1292; x_wconf 89' lang='lat' dir='ltr'><strong>de</strong></span> <span class='ocrx_word' id='word_1_57' title='bbox 2140 1228 2425 1292; x_wconf 87' lang='lat' dir='ltr'><strong>amicitia</strong></span> <span class='ocrx_word' id='word_1_58' title='bbox 2468 1227 2897 1310; x_wconf 82' lang='lat' dir='ltr'><strong>Pythagorica</strong></span> 
     </span>
     <span class='ocr_line' id='line_1_9' title="bbox 655 1332 2897 1417; baseline 0.001 -23"><span class='ocrx_word' id='word_1_59' title='bbox 655 1332 782 1395; x_wconf 83' lang='lat' dir='ltr'><strong>fuit</strong></span> <span class='ocrx_word' id='word_1_60' title='bbox 827 1333 1124 1416; x_wconf 85' lang='lat' dir='ltr'><strong>decerpta</strong></span> <span class='ocrx_word' id='word_1_61' title='bbox 1170 1339 1279 1398; x_wconf 90' lang='lat' dir='ltr'><strong>est.</strong></span> <span class='ocrx_word' id='word_1_62' title='bbox 1372 1333 1541 1409; x_wconf 82' lang='lat' dir='ltr'><strong>Quid</strong></span> <span class='ocrx_word' id='word_1_63' title='bbox 1587 1336 1789 1417; x_wconf 88' lang='lat' dir='ltr'><strong>igitur</strong></span> <span class='ocrx_word' id='word_1_64' title='bbox 1833 1334 2186 1399; x_wconf 79' lang='lat' dir='ltr'><strong>faciamus?</strong></span> <span class='ocrx_word' id='word_1_65' title='bbox 2278 1335 2511 1398; x_wconf 82' lang='lat' dir='ltr'><strong>Exitus</strong></span> <span class='ocrx_word' id='word_1_66' title='bbox 2548 1336 2677 1398; x_wconf 92' lang='lat' dir='ltr'><strong>iam</strong></span> <span class='ocrx_word' id='word_1_67' title='bbox 2710 1340 2897 1398; x_wconf 88' lang='lat' dir='ltr'><strong>antea</strong></span> 
     </span>
     <span class='ocr_line' id='line_1_10' title="bbox 658 1427 2896 1527; baseline 0 -24"><span class='ocrx_word' id='word_1_68' title='bbox 658 1444 755 1503; x_wconf 87' lang='lat' dir='ltr'><strong>est</strong></span> <span class='ocrx_word' id='word_1_69' title='bbox 795 1427 1114 1504; x_wconf 82' lang='lat' dir='ltr'><strong>inventus.</strong></span> <span class='ocrx_word' id='word_1_70' title='bbox 1209 1439 1525 1516; x_wconf 81' lang='lat' dir='ltr'><strong>Quoniam</strong></span> <span class='ocrx_word' id='word_1_71' title='bbox 1573 1443 1743 1504; x_wconf 88' lang='lat' dir='ltr'><strong>enim</strong></span> <span class='ocrx_word' id='word_1_72' title='bbox 1794 1460 1989 1524; x_wconf 84' lang='lat' dir='ltr'><strong>supra</strong></span> <span class='ocrx_word' id='word_1_73' title='bbox 2034 1442 2173 1505; x_wconf 84' lang='lat' dir='ltr'><strong>visa</strong></span> <span class='ocrx_word' id='word_1_74' title='bbox 2217 1447 2369 1504; x_wconf 91' lang='lat' dir='ltr'><strong>sunt</strong></span> <span class='ocrx_word' id='word_1_75' title='bbox 2396 1447 2541 1525; x_wconf 90' lang='lat' dir='ltr'><strong>post</strong></span> <span class='ocrx_word' id='word_1_76' title='bbox 2570 1439 2896 1527; x_wconf 75' lang='grc' dir='ltr'><em>εἴργεσθαι</em></span> 
     </span>
     <span class='ocr_line' id='line_1_11' title="bbox 655 1538 2893 1632; baseline 0.001 -25"><span class='ocrx_word' id='word_1_77' title='bbox 655 1538 802 1618; x_wconf 63' lang='grc' dir='ltr'><strong><em>τοῖς</em></strong></span> <span class='ocrx_word' id='word_1_78' title='bbox 866 1541 1095 1632; x_wconf 81' lang='grc' dir='ltr'><strong><em>ἄνδρας</em></strong></span> <span class='ocrx_word' id='word_1_79' title='bbox 1159 1567 1234 1611; x_wconf 94' lang='lat' dir='ltr'><strong>ea</strong></span> <span class='ocrx_word' id='word_1_80' title='bbox 1300 1548 1499 1612; x_wconf 84' lang='lat' dir='ltr'><strong>fuisse</strong></span> <span class='ocrx_word' id='word_1_81' title='bbox 1564 1549 1734 1631; x_wconf 88' lang='lat' dir='ltr'><strong>apud</strong></span> <span class='ocrx_word' id='word_1_82' title='bbox 1793 1550 2257 1612; x_wconf 82' lang='lat' dir='ltr'><strong>Aristoxenum</strong></span> <span class='ocrx_word' id='word_1_83' title='bbox 2326 1549 2568 1630; x_wconf 86' lang='lat' dir='ltr'><strong>saltem,</strong></span> <span class='ocrx_word' id='word_1_84' title='bbox 2617 1567 2780 1631; x_wconf 82' lang='lat' dir='ltr'><strong>quae</strong></span> <span class='ocrx_word' id='word_1_85' title='bbox 2823 1549 2893 1610; x_wconf 94' lang='lat' dir='ltr'><strong>in</strong></span> 
     </span>
     <span class='ocr_line' id='line_1_12' title="bbox 655 1653 2895 1738; baseline 0 -22"><span class='ocrx_word' id='word_1_86' title='bbox 655 1653 884 1734; x_wconf 79' lang='lat' dir='ltr'><strong>Jambl.</strong></span> <span class='ocrx_word' id='word_1_87' title='bbox 933 1660 970 1732; x_wconf 60' lang='grc' dir='ltr'><strong>ζῇ</strong></span> <span class='ocrx_word' id='word_1_88' title='bbox 1019 1655 1147 1716; x_wconf 88' lang='grc'><strong>234</strong></span> <span class='ocrx_word' id='word_1_89' title='bbox 1194 1655 1323 1717; x_wconf 87' lang='lat' dir='ltr'><strong>illis</strong></span> <span class='ocrx_word' id='word_1_90' title='bbox 1369 1655 1735 1736; x_wconf 83' lang='lat' dir='ltr'><strong>succedant,</strong></span> <span class='ocrx_word' id='word_1_91' title='bbox 1782 1660 2006 1738; x_wconf 90' lang='lat' dir='ltr'><strong>sponte</strong></span> <span class='ocrx_word' id='word_1_92' title='bbox 2032 1655 2268 1719; x_wconf 86' lang='lat' dir='ltr'><strong>accidit</strong></span> <span class='ocrx_word' id='word_1_93' title='bbox 2306 1661 2379 1718; x_wconf 85' lang='lat' dir='ltr'><strong>ut</strong></span> <span class='ocrx_word' id='word_1_94' title='bbox 2404 1660 2549 1738; x_wconf 88' lang='lat' dir='ltr'><strong>post</strong></span> <span class='ocrx_word' id='word_1_95' title='bbox 2578 1655 2895 1719; x_wconf 89' lang='lat' dir='ltr'><strong>eiusmodi</strong></span> 
     </span>
     <span class='ocr_line' id='line_1_13' title="bbox 657 1760 2893 1844; baseline 0 -21"><span class='ocrx_word' id='word_1_96' title='bbox 657 1766 850 1842; x_wconf 90' lang='lat' dir='ltr'><strong>caput</strong></span> <span class='ocrx_word' id='word_1_97' title='bbox 915 1780 989 1824; x_wconf 89' lang='lat' dir='ltr'><strong>ea</strong></span> <span class='ocrx_word' id='word_1_98' title='bbox 1049 1760 1458 1825; x_wconf 85' lang='lat' dir='ltr'><strong>collocentur.</strong></span> <span class='ocrx_word' id='word_1_99' title='bbox 1529 1799 1610 1808; x_wconf 85' lang='lat'><strong>--</strong></span> <span class='ocrx_word' id='word_1_100' title='bbox 1677 1761 1908 1826; x_wconf 81' lang='lat' dir='ltr'><strong>Postea</strong></span> <span class='ocrx_word' id='word_1_101' title='bbox 1966 1767 2177 1826; x_wconf 89' lang='lat' dir='ltr'><strong>autem</strong></span> <span class='ocrx_word' id='word_1_102' title='bbox 2244 1762 2367 1826; x_wconf 90' lang='lat' dir='ltr'><strong>alio</strong></span> <span class='ocrx_word' id='word_1_103' title='bbox 2434 1781 2689 1844; x_wconf 90' lang='lat' dir='ltr'><strong>quoque</strong></span> <span class='ocrx_word' id='word_1_104' title='bbox 2737 1762 2893 1842; x_wconf 83' lang='lat' dir='ltr'><strong>loeo,</strong></span> 
     </span>
     <span class='ocr_line' id='line_1_14' title="bbox 657 1867 2894 1952; baseline 0 -22"><span class='ocrx_word' id='word_1_105' title='bbox 657 1868 694 1948; x_wconf 64' lang='grc' dir='ltr'>ξ</span> <span class='ocrx_word' id='word_1_106' title='bbox 764 1868 915 1949; x_wconf 85' lang='grc'><strong>164,</strong></span> <span class='ocrx_word' id='word_1_107' title='bbox 980 1867 1022 1930; x_wconf 84' lang='lat' dir='ltr'>J</span> <span class='ocrx_word' id='word_1_108' title='bbox 1025 1867 1412 1932; x_wconf 89' lang='lat' dir='ltr'><strong>amblichum</strong></span> <span class='ocrx_word' id='word_1_109' title='bbox 1479 1867 1842 1932; x_wconf 82' lang='lat' dir='ltr'><strong>videbimus</strong></span> <span class='ocrx_word' id='word_1_110' title='bbox 1906 1867 2356 1952; x_wconf 83' lang='lat' dir='ltr'><strong>disputationis</strong></span> <span class='ocrx_word' id='word_1_111' title='bbox 2437 1867 2894 1932; x_wconf 87' lang='lat' dir='ltr'><strong>describendae</strong></span> 
     </span>
    </p>
   </div>
   <div class='ocr_carea' id='block_1_3' title="bbox 654 1975 3018 2058">
    <p class='ocr_par' dir='ltr' id='par_1_3' title="bbox 654 1975 3018 2058">
     <span class='ocr_line' id='line_1_15' title="bbox 654 1975 3018 2058; baseline 0 -22"><span class='ocrx_word' id='word_1_112' title='bbox 654 1993 784 2043; x_wconf 89' lang='lat' dir='ltr'><strong>non</strong></span> <span class='ocrx_word' id='word_1_113' title='bbox 872 1975 1171 2056; x_wconf 90' lang='lat' dir='ltr'><strong>exiguam</strong></span> <span class='ocrx_word' id='word_1_114' title='bbox 1267 1979 1509 2057; x_wconf 88' lang='lat' dir='ltr'><strong>partem</strong></span> <span class='ocrx_word' id='word_1_115' title='bbox 1598 1975 2031 2039; x_wconf 85' lang='lat' dir='ltr'><strong>transsiluisse</strong></span> <span class='ocrx_word' id='word_1_116' title='bbox 2124 1995 2453 2058; x_wconf 87' lang='lat' dir='ltr'><strong>unumque</strong></span> <span class='ocrx_word' id='word_1_117' title='bbox 2534 1980 2894 2040; x_wconf 84' lang='lat' dir='ltr'><strong>extremum</strong></span> <span class='ocrx_word' id='word_1_118' title='bbox 3014 2042 3018 2046; x_wconf 56' lang='grc'><strong>,</strong></span> 
     </span>
    </p>
   </div>
   <div class='ocr_carea' id='block_1_4' title="bbox 650 2081 2898 4408">
    <p class='ocr_par' dir='ltr' id='par_1_4' title="bbox 655 2081 1796 2163">
     <span class='ocr_line' id='line_1_16' title="bbox 655 2081 1796 2163; baseline 0.002 -20"><span class='ocrx_word' id='word_1_119' title='bbox 655 2081 933 2163; x_wconf 88' lang='lat' dir='ltr'><strong>exempli</strong></span> <span class='ocrx_word' id='word_1_120' title='bbox 982 2082 1382 2144; x_wconf 90' lang='lat' dir='ltr'><strong>enuntiatum</strong></span> <span class='ocrx_word' id='word_1_121' title='bbox 1427 2082 1796 2146; x_wconf 89' lang='lat' dir='ltr'><strong>subiecisse.</strong></span> 
     </span>
    </p>

    <p class='ocr_par' dir='ltr' id='par_1_5' title="bbox 651 2186 2898 3982">
     <span class='ocr_line' id='line_1_17' title="bbox 832 2186 2895 2279; baseline 0.001 -29"><span class='ocrx_word' id='word_1_122' title='bbox 832 2186 957 2250; x_wconf 83' lang='lat' dir='ltr'><strong>Sed</strong></span> <span class='ocrx_word' id='word_1_123' title='bbox 1005 2193 1343 2270; x_wconf 88' lang='lat' dir='ltr'><strong>antequam</strong></span> <span class='ocrx_word' id='word_1_124' title='bbox 1395 2227 1472 2234; x_wconf 92' lang='lat'><strong>—</strong></span> <span class='ocrx_word' id='word_1_125' title='bbox 1524 2189 1591 2251; x_wconf 93' lang='lat' dir='ltr'><strong>id</strong></span> <span class='ocrx_word' id='word_1_126' title='bbox 1640 2189 1809 2270; x_wconf 90' lang='lat' dir='ltr'><strong>quod</strong></span> <span class='ocrx_word' id='word_1_127' title='bbox 1855 2191 2220 2271; x_wconf 89' lang='lat' dir='ltr'><strong>proximum</strong></span> <span class='ocrx_word' id='word_1_128' title='bbox 2267 2195 2365 2254; x_wconf 90' lang='lat' dir='ltr'><strong>est</strong></span> <span class='ocrx_word' id='word_1_129' title='bbox 2410 2227 2492 2279; x_wconf 43' lang='grc' dir='ltr'><strong>ὴ-</strong></span> <span class='ocrx_word' id='word_1_130' title='bbox 2530 2190 2751 2254; x_wconf 89' lang='lat' dir='ltr'><strong>laudes</strong></span> <span class='ocrx_word' id='word_1_131' title='bbox 2796 2208 2895 2252; x_wconf 90' lang='lat' dir='ltr'><strong>re-</strong></span> 
     </span>
     <span class='ocr_line' id='line_1_18' title="bbox 656 2294 2894 2379; baseline 0.001 -23"><span class='ocrx_word' id='word_1_132' title='bbox 656 2295 920 2357; x_wconf 86' lang='lat' dir='ltr'><strong>stituere</strong></span> <span class='ocrx_word' id='word_1_133' title='bbox 979 2313 1173 2358; x_wconf 87' lang='lat' dir='ltr'><strong>coner</strong></span> <span class='ocrx_word' id='word_1_134' title='bbox 1229 2294 1463 2376; x_wconf 90' lang='lat' dir='ltr'><strong>quibus</strong></span> <span class='ocrx_word' id='word_1_135' title='bbox 1508 2297 1939 2358; x_wconf 84' lang='lat' dir='ltr'><strong>Aristoxenus</strong></span> <span class='ocrx_word' id='word_1_136' title='bbox 1996 2298 2342 2360; x_wconf 85' lang='lat' dir='ltr'><strong>amicitiam</strong></span> <span class='ocrx_word' id='word_1_137' title='bbox 2400 2297 2894 2379; x_wconf 87' lang='lat' dir='ltr'><strong>Pythagoricam</strong></span> 
     </span>
     <span class='ocr_line' id='line_1_19' title="bbox 655 2401 2898 2486; baseline 0 -23"><span class='ocrx_word' id='word_1_138' title='bbox 655 2402 923 2482; x_wconf 83' lang='lat' dir='ltr'><strong>ornavit,</strong></span> <span class='ocrx_word' id='word_1_139' title='bbox 972 2402 1554 2483; x_wconf 89' lang='lat' dir='ltr'><strong>componendarum</strong></span> <span class='ocrx_word' id='word_1_140' title='bbox 1599 2422 1813 2465; x_wconf 89' lang='lat' dir='ltr'><strong>rerum</strong></span> <span class='ocrx_word' id='word_1_141' title='bbox 1861 2407 2058 2467; x_wconf 87' lang='lat' dir='ltr'><strong>artem</strong></span> <span class='ocrx_word' id='word_1_142' title='bbox 2108 2423 2297 2486; x_wconf 89' lang='lat' dir='ltr'><strong>quam</strong></span> <span class='ocrx_word' id='word_1_143' title='bbox 2348 2405 2601 2486; x_wconf 86' lang='lat' dir='ltr'><strong>egregie</strong></span> <span class='ocrx_word' id='word_1_144' title='bbox 2637 2401 2747 2466; x_wconf 90' lang='lat' dir='ltr'><strong>ille</strong></span> <span class='ocrx_word' id='word_1_145' title='bbox 2794 2404 2898 2464; x_wconf 86' lang='lat' dir='ltr'><strong>vir</strong></span> 
     </span>
     <span class='ocr_line' id='line_1_20' title="bbox 655 2507 2894 2594; baseline 0.001 -23"><span class='ocrx_word' id='word_1_146' title='bbox 655 2507 962 2588; x_wconf 64' lang='lat' dir='ltr'><strong>calluerit„</strong></span> <span class='ocrx_word' id='word_1_147' title='bbox 1019 2510 1138 2573; x_wconf 88' lang='lat' dir='ltr'><strong>etsi</strong></span> <span class='ocrx_word' id='word_1_148' title='bbox 1195 2529 1383 2593; x_wconf 91' lang='lat' dir='ltr'><strong>saepe</strong></span> <span class='ocrx_word' id='word_1_149' title='bbox 1439 2509 1861 2575; x_wconf 88' lang='lat' dir='ltr'><strong>animadverti</strong></span> <span class='ocrx_word' id='word_1_150' title='bbox 1915 2516 2175 2594; x_wconf 86' lang='lat' dir='ltr'><strong>poterat,</strong></span> <span class='ocrx_word' id='word_1_151' title='bbox 2232 2516 2445 2576; x_wconf 86' lang='lat' dir='ltr'><strong>tamen</strong></span> <span class='ocrx_word' id='word_1_152' title='bbox 2499 2512 2681 2575; x_wconf 79' lang='lat' dir='ltr'><strong>iuvat</strong></span> <span class='ocrx_word' id='word_1_153' title='bbox 2726 2530 2894 2574; x_wconf 89' lang='lat' dir='ltr'><strong>novo</strong></span> 
     </span>
     <span class='ocr_line' id='line_1_21' title="bbox 653 2616 2895 2700; baseline 0.001 -22"><span class='ocrx_word' id='word_1_154' title='bbox 653 2616 921 2698; x_wconf 90' lang='lat' dir='ltr'><strong>probare</strong></span> <span class='ocrx_word' id='word_1_155' title='bbox 970 2617 1280 2699; x_wconf 82' lang='lat' dir='ltr'><strong>exemplo,</strong></span> <span class='ocrx_word' id='word_1_156' title='bbox 1373 2618 1670 2681; x_wconf 85' lang='lat' dir='ltr'><strong>Phintiae</strong></span> <span class='ocrx_word' id='word_1_157' title='bbox 1709 2619 1880 2681; x_wconf 92' lang='lat' dir='ltr'><strong>enim</strong></span> <span class='ocrx_word' id='word_1_158' title='bbox 1919 2617 2354 2700; x_wconf 89' lang='lat' dir='ltr'><strong>Damonisque</strong></span> <span class='ocrx_word' id='word_1_159' title='bbox 2392 2624 2685 2682; x_wconf 89' lang='lat' dir='ltr'><strong>mutuum</strong></span> <span class='ocrx_word' id='word_1_160' title='bbox 2722 2637 2895 2682; x_wconf 89' lang='lat' dir='ltr'><strong>amo-</strong></span> 
     </span>
     <span class='ocr_line' id='line_1_22' title="bbox 653 2724 2897 2808; baseline 0 -22"><span class='ocrx_word' id='word_1_161' title='bbox 653 2742 790 2786; x_wconf 87' lang='lat' dir='ltr'><strong>rem</strong></span> <span class='ocrx_word' id='word_1_162' title='bbox 828 2743 902 2787; x_wconf 90' lang='lat' dir='ltr'><strong>eo</strong></span> <span class='ocrx_word' id='word_1_163' title='bbox 938 2725 1283 2807; x_wconf 89' lang='lat' dir='ltr'><strong>praecipue</strong></span> <span class='ocrx_word' id='word_1_164' title='bbox 1313 2726 1580 2787; x_wconf 90' lang='lat' dir='ltr'><strong>consilio</strong></span> <span class='ocrx_word' id='word_1_165' title='bbox 1610 2725 2018 2807; x_wconf 78' lang='lat' dir='ltr'><strong>praedicavit,</strong></span> <span class='ocrx_word' id='word_1_166' title='bbox 2066 2731 2137 2788; x_wconf 90' lang='lat' dir='ltr'><strong>ut</strong></span> <span class='ocrx_word' id='word_1_167' title='bbox 2164 2724 2601 2808; x_wconf 87' lang='lat' dir='ltr'><strong>Pythagoreos</strong></span> <span class='ocrx_word' id='word_1_168' title='bbox 2637 2726 2897 2788; x_wconf 88' lang='lat' dir='ltr'><strong>doceret</strong></span> 
     </span>
     <span class='ocr_line' id='line_1_23' title="bbox 653 2823 2891 2916; baseline 0.001 -26"><span class='ocrx_word' id='word_1_169' title='bbox 653 2827 878 2891; x_wconf 85' lang='grc' dir='ltr'><strong><em>οἴκτων</em></strong></span> <span class='ocrx_word' id='word_1_170' title='bbox 935 2832 1040 2892; x_wconf 86' lang='grc' dir='ltr'><strong>καὶ</strong></span> <span class='ocrx_word' id='word_1_171' title='bbox 1105 2823 1409 2916; x_wconf 78' lang='grc' dir='ltr'><strong><em>δακρίων,</em></strong></span> <span class='ocrx_word' id='word_1_172' title='bbox 1470 2833 1768 2903; x_wconf 76' lang='grc' dir='ltr'><strong><em>θωπείας</em></strong></span> <span class='ocrx_word' id='word_1_173' title='bbox 1812 2833 1919 2895; x_wconf 82' lang='grc' dir='ltr'><strong>καὶ</strong></span> <span class='ocrx_word' id='word_1_174' title='bbox 1965 2825 2233 2916; x_wconf 79' lang='grc' dir='ltr'><em>δεήσεως</em></span> <span class='ocrx_word' id='word_1_175' title='bbox 2276 2833 2383 2895; x_wconf 83' lang='grc' dir='ltr'><strong>καὶ</strong></span> <span class='ocrx_word' id='word_1_176' title='bbox 2428 2831 2743 2903; x_wconf 73' lang='grc' dir='ltr'><strong><em>λιτανείας</em></strong></span> <span class='ocrx_word' id='word_1_177' title='bbox 2786 2832 2891 2893; x_wconf 83' lang='grc' dir='ltr'><strong>καὶ</strong></span> 
     </span>
     <span class='ocr_line' id='line_1_24' title="bbox 653 2930 2894 3022; baseline 0.001 -24"><span class='ocrx_word' id='word_1_178' title='bbox 653 2930 912 2999; x_wconf 84' lang='grc' dir='ltr'><strong><em>πάντων</em></strong></span> <span class='ocrx_word' id='word_1_179' title='bbox 956 2940 1082 2999; x_wconf 85' lang='grc' dir='ltr'><strong>τῶν</strong></span> <span class='ocrx_word' id='word_1_180' title='bbox 1117 2930 1422 3000; x_wconf 81' lang='grc' dir='ltr'><strong><em>τοιούτων</em></strong></span> <span class='ocrx_word' id='word_1_181' title='bbox 1459 2939 1657 3002; x_wconf 73' lang='lat' dir='ltr'><strong>fuisse</strong></span> <span class='ocrx_word' id='word_1_182' title='bbox 1696 2934 2008 3021; x_wconf 66' lang='lat' dir='ltr'><strong>expertes</strong></span> <span class='ocrx_word' id='word_1_183' title='bbox 2100 2938 2286 3002; x_wconf 76' lang='lat' dir='ltr'><strong>Haec·</strong></span> <span class='ocrx_word' id='word_1_184' title='bbox 2327 2939 2499 3002; x_wconf 89' lang='lat' dir='ltr'><strong>enim</strong></span> <span class='ocrx_word' id='word_1_185' title='bbox 2536 2940 2675 3021; x_wconf 83' lang='lat' dir='ltr'><strong>ipse</strong></span> <span class='ocrx_word' id='word_1_186' title='bbox 2713 2956 2894 3022; x_wconf 81' lang='lat' dir='ltr'><strong>prae-</strong></span> 
     </span>
     <span class='ocr_line' id='line_1_25' title="bbox 654 3043 2891 3127; baseline 0 -22"><span class='ocrx_word' id='word_1_187' title='bbox 654 3043 823 3106; x_wconf 82' lang='lat' dir='ltr'><strong>fatus</strong></span> <span class='ocrx_word' id='word_1_188' title='bbox 886 3049 982 3107; x_wconf 89' lang='lat' dir='ltr'><strong>est</strong></span> <span class='ocrx_word' id='word_1_189' title='bbox 1044 3045 1105 3125; x_wconf 68' lang='grc' dir='ltr'><strong>(ξ</strong></span> <span class='ocrx_word' id='word_1_190' title='bbox 1154 3045 1283 3107; x_wconf 90' lang='grc'><strong>234</strong></span> <span class='ocrx_word' id='word_1_191' title='bbox 1329 3044 1447 3124; x_wconf 86' lang='lat' dir='ltr'><strong>in.;</strong></span> <span class='ocrx_word' id='word_1_192' title='bbox 1511 3044 1730 3109; x_wconf 90' lang='lat' dir='ltr'><strong>turbas</strong></span> <span class='ocrx_word' id='word_1_193' title='bbox 1776 3044 2208 3108; x_wconf 86' lang='lat' dir='ltr'><strong>Nicomachus</strong></span> <span class='ocrx_word' id='word_1_194' title='bbox 2267 3045 2424 3109; x_wconf 81' lang='lat' dir='ltr'><strong>fecit</strong></span> <span class='ocrx_word' id='word_1_195' title='bbox 2470 3047 2507 3127; x_wconf 64' lang='grc' dir='ltr'>ξ</span> <span class='ocrx_word' id='word_1_196' title='bbox 2556 3046 2683 3108; x_wconf 88' lang='grc'><strong>233</strong></span> <span class='ocrx_word' id='word_1_197' title='bbox 2734 3050 2891 3109; x_wconf 83' lang='lat' dir='ltr'><strong>extr.</strong></span> 
     </span>
     <span class='ocr_line' id='line_1_26' title="bbox 655 3151 2893 3235; baseline 0 -22"><span class='ocrx_word' id='word_1_198' title='bbox 655 3170 845 3232; x_wconf 88' lang='lat' dir='ltr'><strong>quam</strong></span> <span class='ocrx_word' id='word_1_199' title='bbox 913 3151 1077 3213; x_wconf 81' lang='lat' dir='ltr'><strong>conf.</strong></span> <span class='ocrx_word' id='word_1_200' title='bbox 1128 3170 1274 3214; x_wconf 92' lang='lat' dir='ltr'><strong>cum</strong></span> <span class='ocrx_word' id='word_1_201' title='bbox 1341 3151 1687 3235; x_wconf 82' lang='lat' dir='ltr'><strong>Porphyrii</strong></span> <span class='ocrx_word' id='word_1_202' title='bbox 1734 3152 1841 3230; x_wconf 85' lang='lat'><strong>59)</strong></span> <span class='ocrx_word' id='word_1_203' title='bbox 1905 3156 2097 3233; x_wconf 89' lang='lat' dir='ltr'><strong>atque</strong></span> <span class='ocrx_word' id='word_1_204' title='bbox 2142 3152 2287 3216; x_wconf 90' lang='lat' dir='ltr'><strong>aliis</strong></span> <span class='ocrx_word' id='word_1_205' title='bbox 2335 3152 2547 3216; x_wconf 89' lang='lat' dir='ltr'><strong>verbis</strong></span> <span class='ocrx_word' id='word_1_206' title='bbox 2594 3170 2751 3215; x_wconf 88' lang='lat' dir='ltr'><strong>usus</strong></span> <span class='ocrx_word' id='word_1_207' title='bbox 2795 3170 2893 3214; x_wconf 87' lang='lat' dir='ltr'><strong>re-</strong></span> 
     </span>
     <span class='ocr_line' id='line_1_27' title="bbox 654 3249 2893 3345; baseline 0.001 -25"><span class='ocrx_word' id='word_1_208' title='bbox 654 3258 838 3340; x_wconf 90' lang='lat' dir='ltr'><strong>petiit</strong></span> <span class='ocrx_word' id='word_1_209' title='bbox 883 3260 920 3336; x_wconf 77' lang='lat'>§</span> <span class='ocrx_word' id='word_1_210' title='bbox 959 3258 1088 3320; x_wconf 83' lang='lat'><strong>234</strong></span> <span class='ocrx_word' id='word_1_211' title='bbox 1137 3262 1293 3322; x_wconf 86' lang='lat' dir='ltr'><strong>extr.</strong></span> <span class='ocrx_word' id='word_1_212' title='bbox 1340 3259 1469 3321; x_wconf 88' lang='lat' dir='ltr'><strong>his:</strong></span> <span class='ocrx_word' id='word_1_213' title='bbox 1519 3254 1821 3344; x_wconf 81' lang='grc' dir='ltr'><strong><em>ἕκκοπείη</em></strong></span> <span class='ocrx_word' id='word_1_214' title='bbox 1870 3249 1947 3321; x_wconf 76' lang='grc' dir='ltr'><strong>ἂν</strong></span> <span class='ocrx_word' id='word_1_215' title='bbox 1994 3258 2203 3321; x_wconf 74' lang='grc' dir='ltr'><strong><em>αὐτῶν</em></strong></span> <span class='ocrx_word' id='word_1_216' title='bbox 2250 3250 2287 3343; x_wconf 80' lang='grc' dir='ltr'><em>ἡ</em></span> <span class='ocrx_word' id='word_1_217' title='bbox 2335 3253 2641 3343; x_wconf 79' lang='grc' dir='ltr'><strong><em>σεμνότης</em></strong></span> <span class='ocrx_word' id='word_1_218' title='bbox 2688 3258 2816 3342; x_wconf 84' lang='grc' dir='ltr'><strong><em>[καὶ</em></strong></span> <span class='ocrx_word' id='word_1_219' title='bbox 2850 3256 2893 3345; x_wconf 77' lang='grc' dir='ltr'><strong><em>ἡ</em></strong></span> 
     </span>
     <span class='ocr_line' id='line_1_28' title="bbox 651 3357 2891 3449; baseline 0.002 -23"><span class='ocrx_word' id='word_1_220' title='bbox 651 3368 1091 3449; x_wconf 83' lang='grc' dir='ltr'><strong><em>προσποίητος</em></strong></span> <span class='ocrx_word' id='word_1_221' title='bbox 1157 3365 1393 3449; x_wconf 84' lang='grc' dir='ltr'><strong><em>πίστις]</em></strong></span> <span class='ocrx_word' id='word_1_222' title='bbox 1463 3367 1568 3428; x_wconf 85' lang='grc' dir='ltr'><strong>καὶ</strong></span> <span class='ocrx_word' id='word_1_223' title='bbox 1638 3358 1673 3449; x_wconf 80' lang='grc' dir='ltr'>ἡ</span> <span class='ocrx_word' id='word_1_224' title='bbox 1740 3357 2060 3448; x_wconf 72' lang='grc' dir='ltr'><em>ἀπάθεια,</em></span> <span class='ocrx_word' id='word_1_225' title='bbox 2144 3366 2256 3429; x_wconf 90' lang='lat' dir='ltr'><strong>ubi</strong></span> <span class='ocrx_word' id='word_1_226' title='bbox 2331 3367 2633 3447; x_wconf 87' lang='lat' dir='ltr'><strong>quoniam</strong></span> <span class='ocrx_word' id='word_1_227' title='bbox 2698 3386 2891 3430; x_wconf 90' lang='lat' dir='ltr'><strong>unam</strong></span> 
     </span>
     <span class='ocr_line' id='line_1_29' title="bbox 658 3472 2894 3555; baseline 0 -20"><span class='ocrx_word' id='word_1_228' title='bbox 658 3473 1005 3536; x_wconf 88' lang='lat' dir='ltr'><strong>amicitiam</strong></span> <span class='ocrx_word' id='word_1_229' title='bbox 1062 3472 1611 3554; x_wconf 87' lang='lat' dir='ltr'><strong>Pythagoreorum</strong></span> <span class='ocrx_word' id='word_1_230' title='bbox 1677 3478 1985 3555; x_wconf 87' lang='lat' dir='ltr'><strong>temptare</strong></span> <span class='ocrx_word' id='word_1_231' title='bbox 2038 3472 2320 3537; x_wconf 92' lang='lat' dir='ltr'><strong>nondum</strong></span> <span class='ocrx_word' id='word_1_232' title='bbox 2385 3474 2453 3535; x_wconf 91' lang='lat' dir='ltr'><strong>in</strong></span> <span class='ocrx_word' id='word_1_233' title='bbox 2520 3474 2731 3537; x_wconf 90' lang='lat' dir='ltr'><strong>animo</strong></span> <span class='ocrx_word' id='word_1_234' title='bbox 2796 3478 2894 3537; x_wconf 91' lang='lat' dir='ltr'><strong>est</strong></span> 
     </span>
     <span class='ocr_line' id='line_1_30' title="bbox 655 3577 2891 3666; baseline 0 -25"><span class='ocrx_word' id='word_1_235' title='bbox 655 3584 878 3661; x_wconf 89' lang='lat' dir='ltr'><strong>sponte</strong></span> <span class='ocrx_word' id='word_1_236' title='bbox 925 3578 1249 3661; x_wconf 87' lang='lat' dir='ltr'><strong>intellegis</strong></span> <span class='ocrx_word' id='word_1_237' title='bbox 1298 3577 1340 3666; x_wconf 71' lang='grc' dir='ltr'><strong><em>ἡ</em></strong></span> <span class='ocrx_word' id='word_1_238' title='bbox 1387 3601 1495 3664; x_wconf 81' lang='grc' dir='ltr'><strong>πρ.</strong></span> <span class='ocrx_word' id='word_1_239' title='bbox 1535 3602 1604 3642; x_wconf 85' lang='grc' dir='ltr'><strong>π.</strong></span> <span class='ocrx_word' id='word_1_240' title='bbox 1653 3579 1974 3643; x_wconf 84' lang='lat' dir='ltr'><strong>inculcata</strong></span> <span class='ocrx_word' id='word_1_241' title='bbox 2019 3598 2157 3643; x_wconf 90' lang='lat' dir='ltr'><strong>esse</strong></span> <span class='ocrx_word' id='word_1_242' title='bbox 2204 3601 2242 3642; x_wconf 90' lang='lat' dir='ltr'><strong>a</strong></span> <span class='ocrx_word' id='word_1_243' title='bbox 2280 3579 2687 3643; x_wconf 68' lang='lat' dir='ltr'><strong>Nicomacho</strong></span> <span class='ocrx_word' id='word_1_244' title='bbox 2767 3579 2891 3643; x_wconf 85' lang='lat' dir='ltr'><strong>Sed</strong></span> 
     </span>
     <span class='ocr_line' id='line_1_31' title="bbox 657 3685 2891 3769; baseline 0.001 -21"><span class='ocrx_word' id='word_1_245' title='bbox 657 3685 878 3750; x_wconf 90' lang='lat' dir='ltr'><strong>eadem</strong></span> <span class='ocrx_word' id='word_1_246' title='bbox 943 3685 1163 3748; x_wconf 82' lang='lat' dir='ltr'><strong>fabula</strong></span> <span class='ocrx_word' id='word_1_247' title='bbox 1209 3686 1378 3749; x_wconf 89' lang='lat' dir='ltr'><strong>viam</strong></span> <span class='ocrx_word' id='word_1_248' title='bbox 1449 3685 1572 3749; x_wconf 91' lang='lat' dir='ltr'><strong>sibi</strong></span> <span class='ocrx_word' id='word_1_249' title='bbox 1631 3686 1741 3749; x_wconf 91' lang='lat' dir='ltr'><strong>ille</strong></span> <span class='ocrx_word' id='word_1_250' title='bbox 1791 3687 2082 3767; x_wconf 81' lang='lat' dir='ltr'><strong>munivit,</strong></span> <span class='ocrx_word' id='word_1_251' title='bbox 2135 3691 2210 3749; x_wconf 91' lang='lat' dir='ltr'><strong>ut</strong></span> <span class='ocrx_word' id='word_1_252' title='bbox 2256 3686 2381 3749; x_wconf 89' lang='lat' dir='ltr'><strong>alia</strong></span> <span class='ocrx_word' id='word_1_253' title='bbox 2426 3686 2721 3769; x_wconf 87' lang='lat' dir='ltr'><strong>exempla</strong></span> <span class='ocrx_word' id='word_1_254' title='bbox 2784 3687 2891 3750; x_wconf 92' lang='lat' dir='ltr'><strong>de-</strong></span> 
     </span>
     <span class='ocr_line' id='line_1_32' title="bbox 654 3792 2891 3881; baseline 0.001 -28"><span class='ocrx_word' id='word_1_255' title='bbox 654 3793 945 3881; x_wconf 89' lang='lat' dir='ltr'><strong>pingeret</strong></span> <span class='ocrx_word' id='word_1_256' title='bbox 993 3793 1328 3874; x_wconf 89' lang='lat' dir='ltr'><strong>amicitiae,</strong></span> <span class='ocrx_word' id='word_1_257' title='bbox 1375 3793 1552 3857; x_wconf 85' lang='lat' dir='ltr'><strong>velut</strong></span> <span class='ocrx_word' id='word_1_258' title='bbox 1589 3792 1835 3856; x_wconf 85' lang='lat' dir='ltr'><strong>Cliniae</strong></span> <span class='ocrx_word' id='word_1_259' title='bbox 1876 3793 2100 3872; x_wconf 74' lang='lat'>§2393</span> <span class='ocrx_word' id='word_1_260' title='bbox 2149 3793 2276 3873; x_wconf 72' lang='lat' dir='ltr'><strong>V.§</strong></span> <span class='ocrx_word' id='word_1_261' title='bbox 2328 3792 2448 3855; x_wconf 82' lang='lat'><strong>127</strong></span> <span class='ocrx_word' id='word_1_262' title='bbox 2502 3793 2641 3859; x_wconf 90' lang='lat' dir='ltr'><strong>coll.</strong></span> <span class='ocrx_word' id='word_1_263' title='bbox 2670 3792 2891 3857; x_wconf 85' lang='lat' dir='ltr'><strong>Cobeti</strong></span> 
     </span>
     <span class='ocr_line' id='line_1_33' title="bbox 657 3898 1247 3982; baseline 0.002 -21"><span class='ocrx_word' id='word_1_264' title='bbox 657 3898 809 3961; x_wconf 85' lang='lat' dir='ltr'><strong>Coll.</strong></span> <span class='ocrx_word' id='word_1_265' title='bbox 861 3919 944 3962; x_wconf 89' lang='lat' dir='ltr'><strong>cr.</strong></span> <span class='ocrx_word' id='word_1_266' title='bbox 992 3920 1050 3982; x_wconf 92' lang='lat' dir='ltr'><strong>p.</strong></span> <span class='ocrx_word' id='word_1_267' title='bbox 1101 3898 1247 3963; x_wconf 87' lang='grc'><strong>371.</strong></span> 
     </span>
    </p>

    <p class='ocr_par' dir='ltr' id='par_1_6' title="bbox 650 4005 2891 4408">
     <span class='ocr_line' id='line_1_34' title="bbox 830 4005 2891 4089; baseline -0 -20"><span class='ocrx_word' id='word_1_268' title='bbox 830 4006 1057 4087; x_wconf 91' lang='lat' dir='ltr'><strong>Itaque</strong></span> <span class='ocrx_word' id='word_1_269' title='bbox 1126 4008 1462 4070; x_wconf 87' lang='lat' dir='ltr'><strong>terminato</strong></span> <span class='ocrx_word' id='word_1_270' title='bbox 1523 4007 1767 4070; x_wconf 88' lang='lat' dir='ltr'><strong>saltem.</strong></span> <span class='ocrx_word' id='word_1_271' title='bbox 1818 4005 2025 4089; x_wconf 93' lang='lat' dir='ltr'><strong>amplo</strong></span> <span class='ocrx_word' id='word_1_272' title='bbox 2074 4006 2282 4088; x_wconf 89' lang='lat' dir='ltr'><strong>capite</strong></span> <span class='ocrx_word' id='word_1_273' title='bbox 2330 4006 2565 4088; x_wconf 88' lang='lat' dir='ltr'><strong>quibus</strong></span> <span class='ocrx_word' id='word_1_274' title='bbox 2612 4007 2891 4069; x_wconf 89' lang='lat' dir='ltr'><strong>maxime</strong></span> 
     </span>
     <span class='ocr_line' id='line_1_35' title="bbox 650 4106 2891 4198; baseline -0.001 -22"><span class='ocrx_word' id='word_1_275' title='bbox 650 4112 844 4176; x_wconf 89' lang='lat' dir='ltr'><strong>rebus</strong></span> <span class='ocrx_word' id='word_1_276' title='bbox 890 4116 1038 4183; x_wconf 88' lang='grc' dir='ltr'><strong><em>Βίος</em></strong></span> <span class='ocrx_word' id='word_1_277' title='bbox 1097 4113 1206 4176; x_wconf 91' lang='lat' dir='ltr'><strong>ille</strong></span> <span class='ocrx_word' id='word_1_278' title='bbox 1273 4106 1717 4198; x_wconf 74' lang='grc' dir='ltr'><strong><em>Πυθαγορικὸς</em></strong></span> <span class='ocrx_word' id='word_1_279' title='bbox 1782 4112 2073 4176; x_wconf 83' lang='lat' dir='ltr'><strong>diversus</strong></span> <span class='ocrx_word' id='word_1_280' title='bbox 2118 4112 2318 4176; x_wconf 82' lang='lat' dir='ltr'><strong>fuerit</strong></span> <span class='ocrx_word' id='word_1_281' title='bbox 2371 4112 2449 4176; x_wconf 90' lang='lat' dir='ltr'><strong>ab</strong></span> <span class='ocrx_word' id='word_1_282' title='bbox 2495 4107 2891 4193; x_wconf 78' lang='grc' dir='ltr'><strong><em>Ἀποφάσεσι</em></strong></span> 
     </span>
     <span class='ocr_line' id='line_1_36' title="bbox 655 4218 2891 4301; baseline 0 -20"><span class='ocrx_word' id='word_1_283' title='bbox 655 4220 929 4284; x_wconf 82' lang='lat' dir='ltr'><strong>definire</strong></span> <span class='ocrx_word' id='word_1_284' title='bbox 995 4219 1147 4283; x_wconf 91' lang='lat' dir='ltr'><strong>licet</strong></span> <span class='ocrx_word' id='word_1_285' title='bbox 1200 4219 1500 4301; x_wconf 89' lang='lat' dir='ltr'><strong>libetque.</strong></span> <span class='ocrx_word' id='word_1_286' title='bbox 1594 4218 1992 4283; x_wconf 82' lang='lat' dir='ltr'><strong>Patefactum</strong></span> <span class='ocrx_word' id='word_1_287' title='bbox 2058 4220 2230 4282; x_wconf 92' lang='lat' dir='ltr'><strong>enim</strong></span> <span class='ocrx_word' id='word_1_288' title='bbox 2294 4219 2430 4283; x_wconf 89' lang='lat' dir='ltr'><strong>illic</strong></span> <span class='ocrx_word' id='word_1_289' title='bbox 2487 4218 2554 4282; x_wconf 92' lang='lat' dir='ltr'><strong>id</strong></span> <span class='ocrx_word' id='word_1_290' title='bbox 2608 4220 2891 4282; x_wconf 86' lang='lat' dir='ltr'><strong>maxime</strong></span> 
     </span>
     <span class='ocr_line' id='line_1_37' title="bbox 654 4325 2891 4408; baseline 0 -19"><span class='ocrx_word' id='word_1_291' title='bbox 654 4328 1112 4389; x_wconf 89' lang='lat' dir='ltr'><strong>Aristoxenum</strong></span> <span class='ocrx_word' id='word_1_292' title='bbox 1161 4328 1384 4408; x_wconf 79' lang='lat' dir='ltr'><strong>egisse,</strong></span> <span class='ocrx_word' id='word_1_293' title='bbox 1431 4331 1503 4389; x_wconf 92' lang='lat' dir='ltr'><strong>ut</strong></span> <span class='ocrx_word' id='word_1_294' title='bbox 1548 4345 1756 4389; x_wconf 89' lang='lat' dir='ltr'><strong>mores</strong></span> <span class='ocrx_word' id='word_1_295' title='bbox 1803 4328 2104 4407; x_wconf 84' lang='lat' dir='ltr'><strong>virorum,</strong></span> <span class='ocrx_word' id='word_1_296' title='bbox 2151 4332 2224 4390; x_wconf 90' lang='lat' dir='ltr'><strong>ut</strong></span> <span class='ocrx_word' id='word_1_297' title='bbox 2258 4327 2567 4408; x_wconf 78' lang='lat' dir='ltr'><strong>instituta,</strong></span> <span class='ocrx_word' id='word_1_298' title='bbox 2615 4325 2891 4407; x_wconf 89' lang='lat' dir='ltr'><strong>denique</strong></span> 
     </span>
    </p>
   </div>
   <div class='ocr_carea' id='block_1_5' title="bbox 3196 4273 3200 4991">
    <p class='ocr_par' dir='ltr' id='par_1_7' title="bbox 3196 4273 3200 4991">
     <span class='ocr_line' id='line_1_38' title="bbox 3196 4273 3200 4991; baseline 0 0"><span class='ocrx_word' id='word_1_299' title='bbox 3196 4273 3200 4991; x_wconf 95' lang='lat' dir='ltr'><strong> </strong></span> 
     </span>
    </p>
   </div>
  </div>
 </body>
</html>
