3200 5050
84 4864 97 4993 —-
85 4754 92 4841 *--*—-
85 4628 88 4741 ——m-
85 4608 88 4611 ·
85 4540 88 4547 .

1619 379 2058 439 -44-

720 589 899 653 gram
966 571 1107 634 aliis
1172 571 1250 635 de
1314 572 1523 634 causis
1588 573 2082 638 Aristoxeneam
2149 573 2660 637 indicaveramus
2724 576 2760 653 ξ
2824 575 2934 637 149

718 685 1021 760 προσεῖχε
1064 675 1135 740 δὲ
1178 679 1285 740 καὶ
1329 672 1617 763 φήμαις
1660 681 1764 742 καὶ
1807 683 2209 758 μαντείαις
2251 681 2362 742 καὶ
2406 675 2758 765 κληδόσιν
2799 672 2940 750 ὅλως

720 788 881 848 πᾶσι
925 793 1057 856 τοῖς
1100 777 1483 865 αὗτομάτοις
1525 787 1760 850 iterum
1805 787 2098 850 nonnihil
2145 786 2593 850 commendari.

901 891 1245 974 Aliquanto
1300 893 1499 974 igitur
1552 894 1678 955 iam
1747 892 2180 956 confidentius
2247 894 2412 958 hanc
2469 897 2626 958 Βίου
2691 896 2938 958 restituo

718 999 1223 1081 fragmentorum
1268 999 1529 1062 seriem:
1577 998 1810 1062 Jambl.
1859 1000 1896 1078 ξ
1936 1000 2020 1062 96
2061 1000 2140 1062 ad
2183 1000 2327 1064 100.
2424 1001 2550 1064 196
2588 1000 2668 1062 ad
2711 1001 2830 1064 198
2865 1002 2940 1062 in.

722 1106 852 1170 234
900 1106 981 1168 ad
1026 1107 1173 1170 236.
1222 1107 1300 1171 cf.
1348 1107 1385 1187 ξ
1436 1108 1557 1168 127
1600 1126 1683 1168 m.
1731 1106 1882 1169 239.
1932 1108 2052 1169 127
2106 1111 2265 1170 extr.
2313 1106 2390 1168 ad
2429 1107 2572 1170 128.
2625 1109 2750 1171 198
2795 1107 2940 1170 med.

726 1212 851 1275 163
900 1211 978 1274 ad
1018 1214 1160 1276 165.
1252 1211 1429 1288 Quae
1475 1212 1587 1274 ubi
1637 1214 1782 1294 quis
1827 1214 2230 1295 percurrerit,
2276 1212 2428 1276 libri
2475 1215 2683 1297 capita
2727 1215 2782 1276 si
2825 1232 2942 1276 non

720 1318 803 1381 ad
856 1338 1059 1381 unum
1114 1319 1343 1398 omnia,
1400 1323 1465 1380 at
1520 1322 1732 1381 tamen
1791 1320 2134 1401 praecipua
2189 1318 2746 1402 pulcherrimaque
2811 1337 2944 1382 con-

720 1427 1021 1508 spexerit.

898 1524 1321 1612 Ἀποφάσεων
1372 1531 1499 1595 duo
1548 1536 1736 1596 antea
1781 1534 2114 1595 terminata
2161 1538 2312 1595 sunt
2355 1531 2548 1614 longa
2593 1533 2813 1615 spatia,
2867 1531 2944 1594 al-

720 1644 929 1702 terum
974 1639 1033 1702 J.
1085 1640 1211 1702 174
1258 1638 1337 1702 ad
1391 1639 1531 1702 176.
1580 1638 1666 1702 St„
1689 1639 1780 1702 ΕΙ.
1809 1640 1914 1720 43,
1962 1639 2046 1700 49
2085 1639 2172 1702 in.
2218 1638 2277 1702 J.
2320 1638 2464 1704 183.
2531 1638 2616 1702 St„
2662 1639 2701 1702 l.
2731 1639 2770 1702 l.
2802 1643 2943 1702 extr.

720 1745 779 1808 J.
812 1746 945 1810 200
990 1746 1069 1808 ad
1102 1747 1248 1810 205.
1296 1745 1383 1810 St.
1412 1745 1505 1810 ΕΙ.
1540 1748 1639 1826 10,
1687 1746 1789 1808 66.
1835 1745 1894 1808 J.
1925 1746 2056 1808 206
2103 1745 2182 1807 ad
2231 1745 2380 1824 213,
2426 1744 2698 1808 alterum
2742 1745 2802 1808 J.
2830 1745 2944 1808 230

722 1853 799 1916 ad
848 1853 999 1917 233.
1054 1853 1180 1915 180
1226 1852 1306 1914 ad
1356 1853 1481 1914 183
1530 1854 1617 1915 in.
1665 1851 1751 1915 St,
1787 1851 1922 1915 Ecl.
1970 1852 2003 1914 Ι
2041 1852 2099 1929 6,
2150 1851 2250 1915 18.
2343 1850 2521 1927 Quae
2567 1852 2648 1914 ad
2698 1853 2944 1916 verbum

721 1965 1087 2042 congruunt
1128 1979 1260 2022 non
1306 1960 1656 2022 numeravi.
1748 1958 2014 2022 Restant
2059 1959 2180 2020 tria
2224 1958 2598 2040 fragmenta,
2661 1959 2748 2023 St.
2793 1958 2874 2022 Fl.
2915 1956 2947 2018 I

725 2067 869 2130 101.
908 2066 940 2128 Ι
980 2069 1081 2129 71.
1128 2066 1187 2129 J.
1230 2067 1375 2147 164,
1430 2064 1776 2147 aliquando
1829 2070 1904 2128 ut
1947 2065 2156 2128 visum
2209 2069 2314 2128 est
2364 2065 2742 2147 propinqua,
2799 2082 2946 2146 quae

719 2172 1185 2256 interponenda
1256 2172 1387 2235 sint
1466 2192 1549 2235 an
1613 2171 2062 2255 subiungenda
2134 2172 2423 2252 quaestio
2487 2177 2598 2234 est
2721 2170 2946 2234 Maiore

720 2279 879 2341 illud
950 2279 1096 2342 fieri
1164 2280 1306 2342 iure
1372 2279 1644 2342 credam.
1735 2277 1882 2341 Non
1946 2278 2152 2341 obiter
2202 2277 2428 2360 primis
2493 2296 2656 2359 quae
2711 2281 2947 2360 reperta

724 2391 875 2448 sunt
919 2385 1356 2468 fragminibuS,
1402 2385 1581 2449 velut
1627 2385 1713 2448 St.
1744 2384 1835 2447 ΕΙ.
1883 2385 1987 2466 43,
2034 2386 2120 2448 49
2167 2382 2592 2469 ἐπιμελητέον
2637 2383 2707 2447 δὲ
2751 2376 2947 2466 πάσης

722 2485 963 2577 ἡλικίας
1008 2490 1132 2557 κτεῖ
1223 2492 1283 2556 J.
1332 2492 1462 2556 200
1510 2483 1782 2577 ἀνόητον
1839 2484 2050 2577 πάσης
2107 2483 2497 2577 ὑπολήψεως
2541 2496 2947 2574 καταφρονεῖν

718 2599 844 2664 κτέ.
938 2601 1085 2682 203,
1166 2604 1237 2663 ut
1312 2599 1734 2661 instituantur
1813 2599 2108 2662 homines
2194 2597 2546 2661 identidem
2627 2597 2943 2661 suadetur:

726 2706 971 2769 viribus
1028 2706 1324 2770 omnibus
1370 2724 1447 2769 eo
1494 2704 1800 2786 tenditur,
1874 2710 1948 2767 ut
2000 2704 2292 2787 neglecto
2341 2708 2516 2767 tanto
2565 2704 2782 2767 officio
2827 2721 2946 2765 non

723 2832 908 2895 posse
974 2832 1126 2876 sano
1190 2812 1324 2874 frui
1396 2816 1563 2874 statu
1639 2812 1999 2874 affirmetur
2065 2810 2260 2874 ullam
2321 2810 2662 2873 civitatem.
2786 2808 2946 2871 Num

722 2920 805 2983 ad
860 2939 1006 2984 eum
1062 2920 1266 2982 finem
1312 2919 1555 2982 factum
1613 2924 1716 2981 est
1767 2919 2164 3001 prooemium
2211 2922 2336 2979 tam
2388 2917 2822 3000 magnificum,
2883 2919 2949 2977 ut

722 3026 957 3108 quibus
1004 3026 1353 3090 arcendum
1411 3030 1579 3089 esset
1625 3025 1988 3089 diceretur?
2079 3022 2518 3105 Εὕλαβεῖσθαι
2569 3015 2687 3107 τὴν
2731 3013 2947 3106 ἡδονὴν

722 3125 942 3217 ὥσπερ
986 3152 1057 3196 τε
1102 3135 1209 3195 καὶ
1247 3128 1402 3195 ἄλλο
1436 3134 1565 3194 τῶν
1611 3131 1950 3213 εῧλαβείας
1986 3130 2303 3210 δεομένων
2341 3130 2533 3211 §204
2566 3130 2946 3213 propositum

721 3248 821 3304 est
885 3241 963 3321 ἐξ
1010 3241 1142 3304 204
1198 3240 1277 3303 ad
1343 3241 1490 3303 213.
1584 3238 2141 3322 Compensandum
2210 3241 2363 3318 erat,
2429 3256 2619 3318 quam
2681 3238 2946 3319 primum

720 3348 870 3411 fieri
908 3348 1132 3430 potuit.
1224 3350 1396 3410 Ante
1434 3347 1684 3428 reliqua
1721 3347 1952 3426 omnia,
1995 3349 2167 3408 recte
2205 3345 2260 3406 si
2299 3345 2662 3424 ratiocinor,
2699 3360 2946 3424 respon-

724 3454 957 3517 derunt
998 3453 1357 3516 litterarum
1404 3454 1766 3534 artiumque
1814 3452 2051 3516 laudeS.

1807 3648 1864 3708 3.

899 3772 1103 3835 Multa
1158 3792 1275 3856 per
1327 3772 1582 3835 saecula
1636 3772 1975 3852 utriusque
2032 3771 2366 3835 descendit
2417 3770 2570 3833 libri
2623 3767 2941 3840 memoria3

722 3878 835 3942 sed
880 3880 1111 3942 maiori
1156 3880 1421 3942 fuerunt
1464 3872 1854 3959 Ἀποφάσεις
1901 3878 2307 3941 admirationi
2351 3896 2605 3940 necnon
2649 3876 2815 3939 usui.

902 3984 1160 4048 Ocellus
1186 3986 1299 4067 qui
1322 3988 1587 4047 vocatur
1619 4004 1671 4047 c.
1701 3986 1760 4064 4,
1797 3985 1833 4046 9
1873 3984 1953 4047 ad
1994 3985 2078 4045 14
2108 3986 2260 4063 (non
2297 3982 2465 4066 plus3
2506 3983 2585 4045 cf.
2619 3981 2945 4045 Praechter

721 4092 1001 4155 Hierocl.
1053 4093 1174 4154 137
1210 4091 1298 4174 ss)
1361 4090 1440 4153 ad
1505 4090 1774 4153 verbum
1843 4091 1977 4154 fere
2040 4090 2222 4153 illinc
2286 4090 2732 4172 transscripsit.
2831 4081 2942 4149 Sed

723 4199 1045 4278 Archytas
1093 4216 1350 4279 quoque
1396 4203 1775 4279 personatus
1822 4216 1971 4259 cum
2019 4197 2278 4261 doceret
2323 4197 2408 4260 St.
2439 4196 2529 4261 ΕΙ.
2579 4196 2681 4276 46,
2732 4196 2806 4259 61
2859 4190 2948 4253 δεῖ

722 4304 793 4367 δὲ
837 4298 949 4367 τὸν
997 4297 1306 4367 ἄλαθινὰν
1352 4300 1624 4388 ἄρχοντα
1660 4296 1750 4387 μὴ
1797 4297 1993 4383 μόνον
2029 4295 2434 4383 ε’πιστάμονοῖ
2452 4322 2522 4365 τε
2551 4304 2656 4366 καὶ
2688 4288 2942 4364 δυνατὸν
