3200 5050
1565 397 2003 460 -28-

671 593 783 674 qui
829 593 1136 675 opinanti,
1183 611 1313 655 non
1351 591 1809 656 demonstranti
1846 611 2073 655 manus
2105 591 2227 656 det.
2298 592 2525 674 Itaque
2554 591 2905 674 plurimum

673 701 733 764 ei
780 700 877 763 rei
921 698 1152 780 tribu0,
1200 698 1371 780 quod
1415 697 1577 762 nihil
1626 699 1899 762 similius
1944 699 2285 762 monstrari
2322 704 2530 781 potest
2574 698 2681 761 isti
2725 717 2908 780 para-

669 804 927 888 graphO,
978 806 1124 886 139,
1170 824 1361 886 quam
1405 805 1833 886 fragmentum
1863 804 2273 887 Androcydis
2307 806 2419 886 qui
2456 811 2719 868 vocatur
2752 805 2907 889 περὶ

668 915 1132 997 Πυθαγορικῶν
1178 906 1526 992 συμβόλων,
1593 915 1631 991 ἓ
1683 913 1825 974 145.
1918 911 2145 993 Neque
2192 912 2365 976 enim
2412 931 2488 976 ea
2543 917 2787 974 tantum
2834 930 2905 975 re

669 1018 839 1101 quod
887 1023 1160 1100 utroque
1203 1017 1344 1083 loco
1385 1037 1422 1083 e
1459 1019 1592 1082 vita
1621 1018 2167 1102 Pythagoreorum
2202 1017 2499 1101 exempla
2527 1023 2909 1101 promuntur

667 1126 958 1208 geminae
1023 1130 1173 1188 sunt
1231 1126 1310 1207 ἐξ
1381 1125 1506 1191 139
1568 1130 1634 1189 et
1701 1126 1845 1206 145,
1919 1124 2086 1206 quod
2162 1124 2502 1206 utrobique
2586 1123 2908 1206 colloquia

668 1233 953 1294 virorum
999 1232 1170 1295 fiunt
1233 1232 1469 1312 brevia,
1526 1251 1751 1295 verum
1797 1232 1991 1295 etiam
2037 1231 2207 1313 quod
2256 1232 2425 1295 sicut
2471 1233 2508 1312 ξ
2559 1233 2684 1295 145
2732 1249 2906 1311 sym-

666 1337 888 1401 bolum
913 1338 1153 1402 morale
1181 1338 1402 1402 subest
1429 1359 1489 1422 p.
1519 1339 1661 1419 105,
1712 1339 1750 1401 9
1789 1331 1973 1401 οὐδὲν
2002 1333 2073 1400 ἐκ
2100 1329 2509 1417 ταύτομάτου
2537 1340 2907 1420 συμβαίνειν

665 1446 774 1508 καὶ
821 1436 953 1507 ἀπὸ
997 1439 1190 1529 τύχης
1235 1436 1394 1506 ἀλλὰ
1424 1438 1588 1507 κατὰ
1614 1447 1807 1508 θείαν
1834 1439 2158 1529 πρόνοιαν,
2192 1445 2415 1509 eodem
2444 1444 2649 1526 modo,
2696 1445 2734 1525 ξ
2777 1445 2902 1506 148

669 1571 796 1632 qua
839 1552 1108 1615 iteratur
1153 1553 1192 1634 ᾖ
1235 1553 1359 1617 139
1397 1557 1862 1634 argumentum,
1909 1553 2064 1637 περὶ
2092 1553 2266 1614 θεῶν
2294 1548 2495 1636 μηδὲν
2524 1542 2907 1631 θαυμαστὸν

668 1649 964 1720 ἀπιστεῖν
1009 1658 1114 1739 (ef.
1143 1659 1268 1722 138
1299 1663 1457 1722 extr.
1503 1656 1705 1743 μηδὲν
1751 1650 2168 1729 ἀπιστοῦντες
2212 1650 2248 1720 ὅ
2252 1681 2332 1737 ,τι
2378 1649 2457 1720 ἂν
2500 1654 2591 1729 εἰς
2620 1650 2695 1720 τὸ
2720 1659 2907 1720 θεῖον

668 1757 1007 1850 ἀνάγηται),
1077 1767 1132 1829 si
1180 1765 1335 1847 quid
1391 1765 1565 1829 aliud
1612 1767 2131 1849 consangineum.
2223 1765 2433 1830 Etiam
2482 1764 2905 1847 Androcydes

666 1872 866 1954 igitur
947 1877 1323 1955 personatus
1397 1873 1689 1936 centonis
1764 1891 1957 1955 quem
2032 1873 2439 1936 dissolvimus
2526 1871 2906 1955 particulam

666 1979 912 2060 repetit,
961 1979 998 2060 ξ
1051 1978 1176 2041 139
1224 1980 1420 2060 (certe
1464 1978 1542 2041 ad
1589 1973 1806 2064 ἐκείνῳ
1851 1999 1909 2062 p.
1961 1979 2105 2056 102,
2156 1981 2239 2061 7).
2294 2017 2376 2026 -

843 2085 1274 2148 Aristoxenus
1319 2084 1432 2148 illa
1476 2103 1617 2149 esse
1664 2106 1701 2148 a
1746 2104 1814 2150 se
1861 2085 2226 2149 abiudicata
2262 2085 2434 2148 haud
2478 2085 2645 2149 ierat
2688 2103 2903 2166 aegre3

667 2190 972 2273 gaudebit
1033 2210 1185 2254 vero
1256 2190 1382 2255 duo
1447 2192 1803 2274 fragmenta
1865 2192 2134 2255 disiecta
2196 2191 2616 2258 reconciliari.
2715 2190 2907 2254 Para-

666 2298 1052 2380 graphorum
1117 2299 1287 2362 enim
1353 2298 1704 2362 Jambliehi
1763 2300 1845 2362 96
1894 2299 1972 2362 ad
2024 2300 2167 2376 100,
2234 2299 2467 2380 quibus
2531 2317 2644 2381 per
2702 2302 2907 2362 totum

667 2405 836 2468 diem
883 2405 1034 2468 inde
1080 2404 1158 2468 ab
1207 2413 1344 2470 orto
1391 2405 1544 2468 solis
1592 2405 1745 2487 quid
1785 2405 2171 2488 Pythagorei
2217 2405 2432 2483 facere
2474 2406 2688 2469 dicere
2734 2403 2908 2467 soliti

667 2513 798 2575 sint
851 2512 1152 2577 continue
1215 2517 1641 2597 enumeratur,
1707 2533 1853 2577 cum
1900 2533 2031 2576 una
2073 2511 2389 2596 particula
2445 2512 2704 2577 nomine
2768 2511 2907 2575 eius

667 2620 958 2701 signetur
1002 2618 1079 2682 ab
1123 2619 1455 2683 Athenaeo
1501 2618 1570 2681 Π
1617 2640 1673 2702 p.
1720 2621 1806 2682 46
1845 2618 1897 2683 F
1943 2638 2056 2701 seq
2102 2619 2207 2699 (ci.
2254 2620 2291 2701 ξ
2332 2619 2409 2681 97
2462 2618 2633 2698 med3
2682 2616 2907 2681 Rohde

667 2723 764 2787 l.l.
814 2744 869 2807 p.
919 2726 1044 2805 36),
1089 2725 1156 2787 id
1202 2730 1400 2789 restat
1445 2733 1518 2788 ut
1564 2726 1920 2807 corrigatur
1952 2746 2084 2789 non
2142 2718 2558 2805 Ἀποφάσεσι,
2605 2743 2769 2806 quae
2800 2724 2909 2786 ad-

667 2830 796 2894 huc
861 2830 1028 2895 valet
1095 2832 1429 2912 sententia,
1492 2831 1535 2896 J
1537 2832 1839 2896 amblichi
1903 2838 2227 2896 auctorem
2284 2851 2360 2897 ea
2415 2831 2730 2911 debuisse,
2794 2831 2907 2895 sed

668 2940 800 3022 Βίῳ
864 2940 1292 3022 Πυθαγορείφ
1353 2939 1794 3022 exemplisque
1860 2939 2277 3003 confirmetur
2341 2940 2378 3021 ξ
2440 2941 2525 3003 96
2589 2931 2737 3009 τοὺς
2788 2936 2910 3017 μὲν

667 3038 972 3116 §mamis
1017 3039 1415 3130 περιπάτους
1478 3040 1894 3108 ἐποιοῦντο
1949 3043 2009 3108 οἱ
2056 3040 2290 3129 ἄνδρες,
2358 3047 2395 3127 ξ
2444 3046 2524 3108 97
2576 3040 2907 3129 ἐχρῶντο

570 3162 576 3171 ’
670 3150 740 3215 δὲ
795 3144 1142 3232 ἀλείμμασι
1201 3153 1306 3214 καὶ
1368 3145 1639 3237 δρόμοις,
1707 3155 1744 3232 ξ
1794 3153 1875 3216 99
1926 3149 2106 3224 ἔθος
2168 3152 2229 3215 <5³
2289 3138 2375 3239 ἦν
2436 3144 2549 3215 τὸν
2591 3146 2909 3215 νεώτατον

669 3254 1119 3338 ἀναγινώσκειν.
1210 3261 1300 3322 At
1355 3280 1486 3323 non
1539 3261 1774 3323 unicus
1821 3259 1929 3323 hic
1985 3278 2139 3323 usus
2186 3259 2525 3323 verborum
2572 3258 2906 3323 Athenaei.

667 3366 914 3429 Audias
982 3365 1172 3429 velim
1246 3365 1401 3447 quid
1471 3366 1888 3448 excerpserit:
1955 3367 2061 3435 καὶ
2123 3369 2251 3428 τῶν
2303 3366 2770 3450 Πυθαγορικῶν
2838 3363 2908 3428 δὲ

665 3464 871 3556 τροφὴ
936 3457 1014 3556 ἧν
1079 3466 1261 3555 ἄρτος
1323 3464 1490 3552 μετὰ
1550 3470 1816 3552 μέλιτος,
1885 3463 1966 3543 ὥς
2024 3488 2219 3557 φησιν
2274 3464 2689 3556 Ἀριστόξενος,
2763 3463 2909 3542 τούς

667 3576 1228 3663 προσφερομένους
1274 3570 1440 3641 αὐτὰ
1463 3570 1564 3641 ἀεὶ
1591 3574 1701 3641 ἐπ’
1726 3570 1957 3663 ἀρίστῳ
1972 3580 2017 3657 ¹)
2063 3577 2261 3658 λέγων
2292 3572 2551 3650 ἀνόσους
2579 3577 2905 3641 διατελεῖν.

667 3686 799 3749 Ubi
837 3678 936 3749 ἀεὶ
974 3678 1238 3756 ἀνόσους
1270 3684 1474 3749 fuisse
1509 3678 1658 3756 τούς
1684 3690 2243 3771 προσφερομένους
2275 3678 2437 3748 αὐτὰ
2469 3685 2673 3749 dixit?
2724 3685 2906 3749 Certe

670 3812 797 3857 non
861 3792 971 3874 ibi,
1041 3794 1078 3873 ἓ
1129 3792 1210 3855 96
1273 3791 1353 3856 ad
1417 3793 1560 3874 100,
1627 3813 1751 3874 quo
1819 3794 2151 3876 superiora
2208 3796 2437 3874 (usque
2499 3792 2579 3855 ad
2636 3792 2905 3871 μέλιτος)

669 3904 973 3982 spectant.
1062 3899 1151 3962 At
1216 3918 1363 3962 cum
1430 3899 1708 3981 primum
1766 3901 1803 3980 ξ
1854 3900 1979 3962 196
2027 3907 2368 3983 προσεῖχον
2412 3891 2545 3984 γὰρ
2591 3881 2783 3979 οὗτοι,
2828 3890 2909 3959 τὰ

669 3999 933 4086 σώματα
993 4005 1083 4077 ὥς
1145 4000 1231 4067 ἄν
1275 4000 1408 4068 ἐπὶ
1453 4008 1600 4068 τῶν
1656 4006 1913 4069 αὐτῶν
1958 4006 2377 4090 διακέηται,
2425 4008 2530 4069 καὶ
2574 3998 2665 4089 μὴ
2713 3992 2750 4092 ᾖ
2802 3997 2906 4068 ὁτὲ

666 4104 787 4192 μὲν
833 4107 1022 4199 ρικνοῖ,
1070 4111 1178 4175 ὁτὲ
1225 4104 1294 4175 δὲ
1341 4108 1742 4197 πολύσαρκα·
1791 4105 2129 4193 ἀνωμάλου
2177 4106 2294 4198 γὰρ
2336 4116 2479 4196 βίου
2520 4109 2714 4198 ᾤοντο
2746 4103 2908 4176 εἶναι

847 4271 889 4338 ²)
926 4268 1086 4323 Num
1121 4272 1304 4337 igitur
1339 4268 1587 4324 helluari
1629 4273 1921 4339 ceteroqui
1956 4269 2130 4323 licet?
2203 4269 2286 4323 At
2331 4273 2537 4323 inscite
2574 4271 2722 4339 quae
2760 4268 2908 4322 lecta

668 4363 835 4411 erant
869 4358 1053 4412 relata
1089 4363 1243 4413 sunt.
