3200 5050
1166 397 1607 460 ...27-

263 592 475 673 potuit
518 597 593 654 ut
638 591 1015 674 compilator
1059 591 1321 674 quidam
1359 591 1751 674 depravaret.
1845 590 2054 666 Quare
2103 590 2360 654 aliunde
2405 591 2505 654 iu-

264 697 510 761 dicium
556 702 847 762 nostrum
892 697 1363 762 stabiliendum.
1455 696 1618 760 Cum
1661 697 1852 760 firmo
1906 697 2168 761 vinculo
2214 696 2502 761 adnexae

261 824 414 868 non·
454 804 591 867 sint
630 805 669 886 ᾖ
723 805 847 868 140
904 806 996 888 (et
1046 806 1213 885 141),
1281 805 1437 868 satis
1500 809 1640 867 erat
1691 803 2054 867 habendum
2111 804 2190 886 ἕξ
2251 805 2371 867 137
2424 803 2502 866 ad
2584 877 2592 884 ,

264 911 396 973 139
444 910 539 972 illi
585 911 881 994 scriptori
925 910 1355 976 vindicavisse
1394 947 1475 956 -
1506 911 1565 974 si
1612 910 1798 974 modo
1835 915 2126 994 poterant
2171 910 2502 975 vindicari.

262 1018 661 1099 Argumento
706 1017 887 1081 fuere
932 1018 1286 1100 praesentis
1322 1018 1625 1099 temporis
1661 1017 1918 1100 formae,
1966 1017 2200 1100 quibus
2245 1017 2504 1081 videba-

258 1129 373 1186 tur
416 1125 513 1186 uti
555 1143 684 1186 non
734 1125 1016 1207 potuisse
1073 1124 1201 1187 nisi
1258 1124 1369 1206 qui
1413 1123 1852 1207 Pythagoreos
1911 1124 2170 1188 ultimos
2218 1123 2501 1188 vidisset.

259 1229 448 1306 Quod
494 1230 695 1312 igitur
738 1229 922 1293 initio
969 1231 1007 1312 ξ
1059 1232 1185 1295 140
1242 1249 1431 1313 quam
1489 1250 1618 1294 non
1679 1249 1818 1294 esse
1863 1231 2239 1295 Aristoxeni
2295 1232 2504 1314 suspi-

258 1341 446 1399 catus
490 1355 633 1399 sum
682 1328 973 1420 ἧγοῦνται
1020 1336 1273 1420 legitur,
1320 1337 1388 1399 id
1435 1337 1532 1400 sic
1576 1341 1825 1420 poterat
1870 1337 2180 1420 explicari
2229 1343 2301 1401 ut
2327 1337 2370 1402 J
2372 1357 2502 1399 am-

255 1442 477 1508 blicho
519 1442 908 1506 tribueretur
944 1448 1053 1506 aut
1098 1444 1240 1507 eius
1278 1443 1525 1506 auctori
1572 1445 1686 1525 qui
1721 1444 2108 1527 respondere
2146 1463 2220 1508 ea
2257 1445 2502 1527 superi-

256 1549 483 1611 oribus
529 1549 835 1613 iussisset.

439 1657 757 1738 Attamen,
804 1656 1217 1740 paragraphis
1264 1657 1301 1738 ξ
1355 1659 1474 1721 137
1527 1658 1607 1720 ad
1659 1658 1782 1720 139
1831 1657 2164 1721 nitendum
2211 1678 2340 1721 non
2389 1663 2500 1722 est.

252 1761 427 1825 Nam
490 1762 751 1827 eaedem
814 1764 990 1846 ipsae
1055 1764 1357 1846 temporis
1420 1765 1774 1846 praesentis
1836 1765 2094 1846 formae,
2166 1763 2501 1849 διορίζουσι

255 1871 293 1951 ξ
348 1870 477 1934 137
543 1889 603 1953 p.
657 1870 802 1952 100,
850 1871 889 1934 8
961 1864 1385 1943 σπουδάζουσι
1450 1871 1487 1951 ἓ
1538 1871 1665 1933 138
1710 1891 1771 1953 p.
1825 1872 1967 1952 101,
2015 1873 2053 1933 5
2119 1866 2330 1950 ἔχουσι
2393 1893 2500 1934 πι-

253 1979 595 2047 στευτικῶς
639 1976 792 2039 ibid.
842 1997 897 2060 p.
946 1977 1088 2058 101,
1126 1978 1206 2038 12
1254 1977 1601 2059 πειρῶνται
1646 1976 1798 2040 ibid.
1843 1998 1904 2061 p.
1951 1978 2093 2057 101,
2134 1979 2216 2040 14
2264 1977 2499 2058 quibus

252 2083 550 2147 Rohdius
581 2082 867 2146 confisus
913 2089 1010 2146 est
1044 2081 1457 2146 vehementer
1492 2089 1646 2146 sunt
1682 2083 2040 2148 offensioni.
2114 2083 2496 2165 Imperfecto

255 2195 367 2252 aut
432 2190 667 2252 aoristo
730 2187 1229 2271 Peripateticum
1294 2210 1482 2253 usum
1548 2209 1758 2254 mores
1820 2191 2147 2273 vitamque
2211 2192 2498 2254 virorum

254 2296 631 2379 depinxisse
678 2295 907 2359 ceteris
953 2295 1423 2360 demonstratur
1466 2297 1842 2380 fragmentis
1901 2297 2218 2364 omnibus.
2313 2296 2496 2374 Quod

255 2402 368 2482 qui
406 2401 647 2464 factum
688 2402 774 2464 sit
803 2401 1270 2484 apertissimum
1318 2409 1428 2467 est.
1519 2403 1614 2472 Eo
1654 2410 1938 2487 tempore
1977 2423 2102 2485 quo
2141 2403 2498 2486 praeclaras

253 2527 479 2572 eorum
542 2508 813 2573 virtutes
880 2507 991 2573 ille
1056 2509 1402 2574 celebravit
1453 2515 1627 2593 totus
1680 2511 1790 2575 ille
1843 2510 2144 2595 splendor
2197 2516 2497 2593 tantaque

252 2615 645 2697 praestantia
687 2615 993 2679 restincta
1037 2623 1219 2681 erant
1264 2623 1327 2680 et
1372 2624 1789 2698 evanuerant3
1839 2619 1916 2683 cf.
1954 2618 2158 2682 Laert.
2197 2618 2354 2681 VIII
2391 2619 2496 2681 46.

252 2722 419 2804 Ipse,
470 2721 811 2805 disciplina
846 2722 1215 2787 dimidiatus
1252 2724 1734 2808 Peripateticus,
1779 2726 2016 2789 intima·
2053 2729 2264 2789 mente
2304 2726 2493 2789 homo

254 2827 698 2910 Pythagoreus
744 2829 999 2912 scriptis
1046 2830 1301 2894 scholae
1347 2832 1544 2896 fidem
1593 2833 1889 2896 servavit.

436 2934 869 2998 Secluduntur
914 2936 991 3000 ab
1038 2938 1415 3002 Aristoxeni
1458 2938 1643 3002 libris
1689 2939 1810 3003 hac
1854 2940 2101 3003 ratione
2149 2940 2186 3020 ξ
2238 2941 2363 3003 140
2419 2958 2495 3003 ac

256 3042 378 3104 137
434 3049 499 3103 et
548 3042 692 3123 138,
741 3044 778 3123 ξ
830 3043 954 3105 139
1002 3062 1131 3107 non
1178 3046 1361 3122 item3
1430 3045 1666 3128 quippe
1721 3046 1790 3107 in
1838 3065 1966 3127 qua
2011 3041 2136 3131 ἔφη
2183 3047 2491 3129 scriptum

252 3149 351 3220 sit,
390 3152 459 3211 et
487 3163 644 3228 φασι
684 3149 852 3230 quod
890 3156 1280 3213 momentum
1321 3171 1449 3214 non
1491 3151 1664 3217 facit.
1760 3154 1849 3214 At
1885 3152 2078 3215 huius
2114 3150 2493 3235 paragraphi
2583 3160 2590 3168 ‘

252 3254 417 3317 alius
463 3255 734 3319 indicari
784 3261 1005 3320 auctor
1048 3262 1271 3340 potest.
1362 3257 1560 3322 Estne
1607 3259 1946 3340 quisquam
2003 3260 2070 3320 in
2119 3260 2493 3322 Aristoxeni

251 3360 588 3443 ingenium
634 3362 823 3425 modo
871 3380 939 3426 se
985 3363 1425 3446 insinuaverit,
1480 3365 1590 3446 qui
1649 3370 1822 3427 tanta
1879 3384 2024 3428 eum
2085 3367 2155 3428 in
2201 3365 2491 3428 homines

250 3468 415 3531 male
478 3486 669 3531 sanos
737 3469 1140 3553 indulgentia
1200 3471 1402 3535 fuisse
1466 3462 1698 3555 neget?
1790 3467 1945 3557 Ἔφη
2001 3475 2151 3551 γοῦν
2195 3466 2492 3556 Ἐὔρυτόν

248 3595 341 3644 τις
386 3573 589 3653 λέγειν
643 3566 740 3638 ὅτι
784 3579 947 3661 φαίη
991 3570 1238 3661 ποιμὴν
1294 3569 1561 3639 ἀκοῦσαί
1598 3568 1765 3649 τινος
1785 3626 1792 3632 .
1811 3574 2086 3661 ᾅδοντος,
2133 3583 2340 3658 νέμων
2374 3579 2489 3654 ἐπὶ

249 3684 336 3765 'ng‘
372 3675 558 3765 τάφῳ
594 3682 708 3743 τοῦ
750 3677 1083 3761 Φιλολάου,
1130 3685 1237 3746 καὶ
1274 3676 1385 3745 τὸν
1420 3676 1620 3747 οὐθὲν
1651 3677 2014 3770 ἀπιστῆσαι,
2056 3677 2188 3747 ἀλλ’
2225 3681 2490 3769 ἐρέσθαι

250 3790 390 3849 τίνα
433 3780 739 3871 ἁρμονίαν
787 3838 801 3851 .
843 3841 855 3854 .
896 3838 907 3851 .
955 3791 1116 3870 φασὶ
1154 3789 1223 3852 δὲ
1267 3792 1373 3853 καὶ
1403 3794 1493 3876 τῷ
1522 3787 1884 3876 Πυθαγόρᾳ
1911 3788 2054 3855 τίνα’
2079 3812 2241 3855 ποτε
2269 3791 2487 3871 λέγειν,

254 3885 347 3955 ὅτι
392 3895 609 3980 δοκοίη
654 3895 817 3958 ποτὲ
872 3891 943 3959 ἐν
985 3899 1075 3980 τῷ
1121 3888 1303 3981 ὕπνῳ
1348 3901 1439 3983 τῷ
1484 3900 1684 3981 πατρὶ
1729 3897 2135 3978 διαλέγεσθαι
2179 3902 2490 3963 τεθνεῶτι

254 4016 378 4080 eqS.
470 4000 634 4064 Mihi
682 4002 937 4082 quidem
1004 4004 1199 4066 nimis
1247 4004 1491 4067 creduli
1540 4010 1652 4067 aut
1695 4005 1953 4068 ridiculi
2001 4006 2302 4069 videntur
2348 4026 2486 4071 esse

255 4104 638 4189 Pythagorei
703 4108 825 4172 hoc
886 4109 1040 4190 loco,
1105 4110 1272 4193 apud
1329 4112 1790 4175 Aristoxenum
1858 4112 2197 4175 admodum
2263 4132 2488 4195 graves

255 4212 804 4296 admirabilesque.
896 4214 1309 4280 Molestiorne
1381 4224 1451 4280 ut
1514 4219 1636 4282 hoc
1718 4226 1860 4281 utar
1942 4221 2206 4302 cogitari
2280 4226 2487 4302 potest

254 4318 547 4383 inficetia
615 4321 988 4400 quaestione
1050 4321 1328 4400 Euryti?
1420 4324 1661 4387 Verum
1726 4326 1896 4388 enim
1963 4345 2110 4389 vero
2158 4344 2346 4389 nemo
2395 4334 2491 4389 est
