3200 5050
1627 387 2064 450 -32-

724 583 829 646 καὶ
866 577 1344 665 διαφυλάττειν·
1388 585 1544 668 περὶ
1575 575 2008 664 εὐμαθείας
2039 574 2166 668 (δὴ)
2197 583 2322 646 καὶ
2351 575 2648 667 μνίμης
2683 577 2959 661 ἐσκόπει,

724 693 985 775 πρῶτον
1046 689 1167 770 μὲν
1230 688 1291 754 εἰ
1352 683 1654 754 δύνανται
1716 694 1956 770 ταχέως
2012 691 2120 753 καὶ
2181 692 2396 771 σαφῶς
2439 688 2813 812 πιξρακολου
2801 694 2963 753 θεῖν

722 803 856 868 τοῖς
900 796 1274 878 λεγομένοις,
1322 793 1550 860 ἔπειτα
1596 791 1660 860 εἰ
1691 799 2068 882 παρέπεταί
2105 815 2198 868 τις
2243 787 2458 868 αὐτοῖς
2501 788 2815 881 ἀγάπησις
2859 817 2964 860 και

724 897 1099 988 σωφροσύνη
1144 896 1308 988 πρὸς
1350 897 1433 966 τὰ
1477 898 1918 985 διδασκόμενα.
2012 902 2368 967 cohaesere
2413 903 2608 986 igitur
2653 903 2761 967 hic
2807 923 2964 985 quo-

725 1028 851 1091 que
916 1029 995 1074 ea
1043 1030 1209 1093 quae
1268 1011 1674 1094 requirimus,
1767 1011 2168 1094 Quamquam
2234 1011 2270 1092 ξ
2329 1012 2416 1074 94
2480 1010 2646 1074 haud
2713 1011 2968 1074 infitior

722 1115 869 1179 ideo
916 1135 1021 1180 me
1068 1117 1357 1201 elegisse,
1404 1123 1476 1180 ut
1520 1137 1669 1182 cum
1696 1113 2068 1198 ἐχεμυθεῖν·
2113 1111 2320 1201 τούτῳ
2345 1108 2460 1202 γὰρ
2495 1109 2572 1180 δτ
2601 1118 2710 1179 καὶ
2735 1113 2964 1202 ἐχρῆτο

721 1225 813 1307 τῷ
875 1214 1143 1303 ὀνόματι
1213 1223 1519 1288 contendi
1583 1229 1844 1307 possent
1905 1223 2280 1289 Aristoxeni
2336 1226 2375 1306 ξ
2422 1223 2548 1288 201
2595 1219 2666 1286 ἐν
2709 1224 2805 1309 τῷ
2849 1227 2963 1308 βίῳ

722 1320 897 1392 εἶναί
952 1349 1127 1402 τινας
1194 1322 1439 1415 ἡλικίας
1506 1326 1888 1412 ἕνδεδασμ
1901 1335 2096 1402 ένας·
2160 1322 2328 1393 οὕτω
2402 1323 2518 1414 γὰρ
2584 1331 2690 1393 καὶ
2761 1329 2966 1410 λέγειν

722 1428 956 1508 αὐτούς
1022 1453 1233 1517 φασιν.
1324 1436 1565 1501 Rerum
1633 1439 1832 1520 igitur
1885 1457 2197 1502 summam
2243 1457 2398 1502 sane
2444 1456 2693 1520 parcam
2742 1442 2963 1502 tenere

722 1543 1047 1622 videmur3
1096 1545 1209 1608 sed
1257 1545 1561 1608 orationis
1609 1563 1831 1608 omnes
1868 1544 2060 1608 elisos
2097 1562 2236 1608 esse
2272 1563 2502 1608 nervos
2538 1544 2728 1608 facile
2767 1545 2966 1608 senti-

722 1669 881 1727 muS‚
943 1671 1093 1714 cum
1138 1650 1497 1734 splendoris
1542 1651 2050 1734 fragmentorum
2094 1650 2492 1733 integrorum
2534 1650 2963 1714 recordamur.

722 1756 861 1833 Quo
930 1759 1171 1822 maiore
1238 1757 1473 1840 gaudio
1538 1758 1838 1822 audiatur
1901 1758 2189 1821 ultImam
2275 1758 2500 1840 capitis
2580 1758 2964 1841 particulam

719 1864 1025 1927 manibus
1070 1864 1288 1927 furum
1335 1884 1462 1928 non
1512 1883 1652 1928 esse
1701 1865 2123 1948 depravatam.

898 1970 1323 2034 Redeundum
1370 1970 1450 2034 ad
1498 1990 1646 2034 eum
1694 1973 1922 2054 capitis
1969 1971 2048 2052 ἓξ
2100 1972 2225 2035 163
2255 1988 2320 2033 ss
2358 1971 2567 2035 locum
2615 1970 2804 2034 nobis
2853 1977 2964 2051 est,

718 2077 892 2141 unde
938 2077 1018 2140 ad
1058 2077 1228 2140 alias·
1261 2076 1529 2160 digressi
1578 2097 1847 2160 eramus,
1895 2077 1976 2140 ad
2009 2079 2046 2158 ξ
2089 2079 2215 2140 164
2252 2076 2416 2142 med.
2507 2078 2605 2140 Ac
2641 2077 2776 2139 iam
2817 2078 2966 2140 vide

718 2203 801 2248 an
848 2182 1013 2246 forte
1062 2183 1373 2247 accidisse
1411 2183 1762 2266 putandum
1797 2203 1928 2246 non
1967 2184 2066 2264 sit,
2115 2189 2188 2246 ut
2222 2183 2334 2246 ubi
2373 2185 2965 2265 exspectaverimus

720 2289 916 2353 verba
981 2288 1222 2354 factum
1285 2290 1366 2353 iri
1434 2289 1512 2353 de
1568 2289 1873 2354 audiendi
1937 2309 2192 2373 quoque
2257 2295 2390 2353 arte
2447 2288 2873 2372 discendique
2929 2311 2966 2352 a

718 2396 1139 2478 Pythagoreis
1186 2396 1374 2477 culta„
1418 2397 1849 2479 fragmentum
1895 2396 1988 2459 ibi
2025 2396 2428 2460 inveniamus
2465 2395 2636 2478 quod
2683 2416 2839 2460 cum
2887 2397 2966 2460 de

717 2503 1064 2567 memoriae
1119 2502 1353 2567 referat
1408 2521 1529 2566 usu
1583 2502 1654 2566 in
1711 2503 1884 2567 hunc
1939 2502 2149 2567 locum
2207 2503 2400 2567 unice
2454 2502 2747 2567 videatur
2809 2524 2966 2586 qua·

719 2609 918 2673 drare.
1012 2610 1219 2673 Sonus
1266 2611 1439 2673 enim
1486 2611 1963 2674 enuntiatorum
1994 2610 2459 2673 Aristoxeneus
2506 2616 2617 2673 est.
2708 2611 2966 2673 Actane

716 2717 916 2798 igitur
975 2735 1081 2780 res
1146 2717 1281 2780 est?
1377 2716 1664 2783 Minime.
1769 2716 2130 2798 Diligenter
2189 2716 2730 2780 reminiscendum
2805 2716 2965 2799 quid

718 2823 843 2885 iam
902 2828 1150 2887 constet
1217 2822 1295 2886 de
1340 2826 1497 2887 Βίου
1560 2829 1625 2887 et
1685 2814 2087 2903 Ἄποφάσεων
2143 2823 2530 2887 discrimine.
2624 2822 2964 2887 Contendo

719 2930 889 2992 enim
939 2935 1239 3011 congesta
1283 2929 1441 2993 illuc
1479 2948 1618 2993 esse
1667 2948 1829 3011 quae
1877 2931 1943 2991 in
1990 2933 2262 3011 utroque
2307 2928 2470 2993 libro
2519 2929 2598 2993 de
2645 2930 2848 2993 simili
2894 2926 2964 2994 re

718 3036 1038 3118 disputata
1104 3042 1300 3100 erant.
1393 3035 1574 3113 Quod
1634 3055 1872 3100 novum
1919 3055 2047 3099 non
2099 3041 2210 3099 est.
2303 3036 2482 3099 Idem
2529 3036 2963 3101 animadverti

716 3147 965 3225 poterat
1008 3142 1245 3207 factum
1296 3144 1365 3206 in
1414 3145 1451 3223 ξ
1500 3143 1629 3206 230
1655 3162 1719 3206 ss
1767 3143 1896 3205 234
1919 3161 1999 3223 SS,
2065 3142 2174 3206 ubi
2215 3162 2365 3206 cum
2411 3162 2572 3225 quae
2619 3143 2962 3207 interiecta

718 3254 869 3312 sunt
936 3248 1327 3313 Nicomacho
1393 3250 1764 3331 debeantur,
1832 3250 1976 3330 quis
2040 3248 2312 3312 duorum
2380 3249 2690 3312 librorum
2759 3248 2965 3313 flores

717 3357 1091 3419 concoxerit
1125 3376 1255 3419 non
1300 3356 1473 3421 latet.
1565 3356 1955 3439 Paragraphi
2008 3357 2136 3419 164
2181 3350 2414 3435 ἐτίμων
2460 3374 2572 3437 eqs
2618 3356 2699 3419 ad
2747 3358 2786 3435 ξ
2834 3359 2960 3421 166

714 3464 801 3525 111.
850 3462 927 3524 ad
975 3464 1129 3526 Βίον
1175 3468 1325 3524 sunt
1350 3462 1704 3527 referenda.
1799 3461 1923 3525 Sed
1961 3482 2114 3524 num
2149 3464 2339 3526 etiam
2371 3464 2716 3545 superiora,
2756 3458 2962 3548 ᾤοντο

716 3568 785 3631 δὲ
849 3569 982 3631 δεῖν
1044 3572 1326 3647 κατέχειν
1393 3564 1462 3631 ἐν
1528 3571 1608 3655 τῇ
1653 3564 1874 3656 μνήμῃ
1921 3567 2094 3632 xvi-‚P
2189 3568 2525 3653 Comparet
2571 3571 2714 3651 quis
2763 3570 2960 3634 Vitae

717 3670 911 3759 (ἔοντο
958 3667 1072 3759 γὰρ
1119 3676 1249 3738 δεῖν
1293 3667 1385 3757 μὴ
1430 3668 1748 3759 πρότερόν
1793 3697 1913 3739 τινι
1949 3670 2339 3755 ἐνινγχάνειν
2371 3679 2408 3758 ξ
2444 3676 2543 3741 96.
2617 3679 2707 3739 At
2735 3683 2960 3759 aperta

716 3782 1189 3846 dissimilitudo.
1280 3782 1358 3844 In
1406 3781 1615 3844 medio
1663 3800 1876 3844 rerum
1931 3783 2200 3845 aliarum
2249 3788 2466 3846 tenore
2514 3783 2672 3846 haec
2720 3802 2960 3846 causae

714 3889 853 3951 loco
925 3888 1376 3971 adiunguntur,
1441 3888 1554 3950 illa
1620 3908 1654 3952 e
1719 3906 1786 3951 se
1856 3894 2000 3971 apta
2064 3894 2215 3951 sunt
2261 3895 2324 3953 et
2370 3888 2828 3972 disputationis
2880 3890 2959 3953 de

717 3994 1022 4057 memoria
1086 3995 1513 4058 instituendae
1582 3995 1773 4059 facile
1843 3995 1943 4058 vel
2008 3997 2360 4059 exordium.
2483 3995 2621 4071 Quo
2688 3997 2958 4059 nomine

716 4102 905 4164 unice
967 4102 1205 4182 gemini
1264 4106 1415 4163 sunt
1482 4101 1610 4165 loci
1656 4094 2058 4182 Ἄποφοῖσεων
2123 4103 2216 4164 hi:
2287 4105 2322 4184 ξ
2375 4105 2498 4165 175
2547 4095 2836 4165 καθόλου
2885 4100 2957 4164 δὲ

715 4204 911 4293 ᾤοντο
959 4208 1118 4275 δεῖν;
1161 4208 1239 4273 cf.
1290 4208 1654 4272 Stob.F10r.
1687 4210 1792 4288 43,
1831 4212 1946 4286 493
1997 4212 2034 4287 ξ
2069 4212 2186 4273 101
2231 4202 2343 4281 τὰς
2383 4202 2954 4292 ἐπανορθώσεις..

716 4336 909 4400 ῳοντο
956 4314 1087 4377 δεῖν
1132 4318 1446 4395 γίνεσθαι;
1495 4316 1571 4378 01.
1624 4318 1659 4397 ἕ
1709 4317 1856 4378 231.
