3200 5050
1158 366 1600 427 —51—

274 553 457 639 νίμου
522 552 1016 640 ἀναγκαζόμενος
1081 552 1309 640 ὀμόσαι
1369 563 1603 644 καίπερ
1663 551 1950 644 εὕορκεῖν
2013 557 2263 640 μέλλων
2327 550 2500 638 ὅμως

274 661 429 751 ὑπὲρ
487 671 602 730 τοῦ
646 661 924 748 φυλάξαι
967 660 1042 729 τὸ
1089 661 1290 747 δόγμα
1336 666 1681 748 ὑπέμεινεν
1727 665 1868 729 ἀντὶ
1913 665 2028 728 τοῦ
2077 658 2307 747 ὀμόσαι
2351 667 2496 748 τρία

269 772 501 852 μᾶλλον
556 767 839 836 τάλαντα
903 776 1332 852 καταθέσθαι,
1404 778 1890 856 praeceptorum
1973 778 2164 854 atque
2243 791 2495 836 morum

271 881 569 963 exempla.
660 881 906 944 Verum
967 881 1137 944 enim
1201 899 1355 944 vero
1420 885 1548 943 tam
1611 879 1802 963 rigidi
1847 899 1978 943 non
2029 897 2251 943 omnes
2295 878 2500 942 fuere.

276 987 453 1069 Apud
516 986 865 1051 Diodorum
933 987 1173 1069 duplici
1234 986 1393 1050 Exc.
1438 986 1580 1049 Vat.
1625 991 1694 1050 'et
1738 986 1900 1049 Virt.
1946 986 2074 1051 Vit.
2122 986 2354 1048 fultum
2405 989 2500 1049 est

273 1095 566 1157 memoria
612 1098 1035 1177 praeceptum·
1070 1093 1195 1157 hoc
1242 1094 1300 1173 9,
1337 1096 1369 1156 1
1416 1098 1481 1156 et
1510 1094 1567 1174 9,
1607 1095 1648 1156 2
1681 1095 2036 1163 σπανίως
2070 1091 2192 1172 μὲν
2220 1083 2503 1172 ὀμνύναι

270 1204 691 1284 χρησαμένους
754 1199 824 1263 δὲ
881 1207 1013 1271 τοῖς
1077 1191 1279 1283 ὅρκοις
1341 1192 1598 1270 πάντως
1643 1196 1957 1279 ἐμμένειν.
2050 1199 2119 1263 Si
2165 1199 2270 1262 cui
2317 1203 2501 1262 antea

274 1305 351 1368 de
410 1306 651 1388 placida
710 1311 775 1370 et
820 1307 1121 1370 clementi
1166 1297 1588 1387 Ἀποφοῖσεων
1635 1306 1975 1390 disciplina
2018 1305 2323 1388 persuasi,
2370 1324 2504 1367 non

272 1411 461 1475 latere
505 1413 797 1477 duxerim
862 1418 1003 1475 utra
1048 1413 1253 1476 forma
1298 1413 1760 1476 Aristoxenum
1808 1413 1944 1477 sola
1990 1412 2226 1476 deceat.
2319 1411 2504 1475 Sum-

274 1518 479 1581 mariis
515 1525 727 1583 autem
757 1521 905 1582 Ant.
939 1521 1042 1582 41.
1135 1518 1341 1582 Laert.
1375 1519 1457 1581 22
1486 1518 1654 1582 fides
1687 1520 1738 1582 si
1779 1523 1988 1602 potest
2013 1518 2251 1598 haberi,
2291 1523 2355 1580 et
2383 1517 2504 1580 hae

275 1627 636 1708 paragraphi
686 1631 751 1689 et
794 1628 833 1689 6
882 1625 962 1687 ad
1001 1626 1041 1688 8
1091 1625 1509 1689 coniciendae
1556 1630 1708 1688 sunt
1750 1625 1819 1687 in
1864 1625 2099 1687 librum
2141 1629 2504 1688 exeuntem.

446 1733 872 1796 Aristoxenea
916 1730 1102 1794 Diod.
1147 1731 1187 1794 l.
1233 1730 1301 1794 X
1347 1731 1610 1794 subesse
1659 1731 2018 1812 didicimuS,
2083 1732 2325 1814 opinor,
2393 1730 2505 1794 sed

278 1843 455 1900 aucta
502 1875 585 1884 —
634 1858 770 1921 cap.
813 1839 850 1900 6
897 1838 1228 1922 postmodo
1276 1838 1642 1900 iniunctum
1679 1837 1826 1901 ideo
1857 1837 2023 1901 duco
2056 1837 2227 1919 quod
2257 1837 2504 1900 duobus

276 1963 443 2008 nunc
488 1945 759 2008 diversis
803 1945 964 2008 locis
1009 1944 1381 2026 iudicioque
1429 1944 1684 2008 diverso
1732 1944 1810 2008 de
1856 1944 2020 2008 cibis
2065 1943 2410 2026 probandis
2441 1948 2506 2006 et

270 2051 696 2133 improbandis
744 2052 1103 2134 disputatur
1147 2070 1199 2115 c.
1233 2053 1289 2132 7,
1338 2052 1375 2113 2
1427 2055 1491 2114 et
1538 2051 1595 2132 6,
1636 2056 1667 2114 1
1718 2086 1804 2098 -
1849 2069 2104 2114 necnon
2150 2054 2502 2114 retractata.

276 2158 425 2239 Age,
498 2162 838 2222 retractata
902 2157 1165 2239 quidem
1242 2177 1399 2219 num
1462 2177 1498 2219 a
1563 2156 1886 2220 Diodoro?
1993 2150 2204 2222 Nemo
2273 2156 2504 2220 credat.

276 2261 491 2346 Itaque
537 2264 653 2327 Ed.
703 2263 1025 2328 Schwartz
1070 2263 1141 2325 in
1186 2263 1388 2326 P.-w.
1427 2263 1601 2326 Reai.
1641 2263 1698 2323 v
1746 2284 1804 2345 p.
1846 2264 1972 2327 679
2011 2263 2253 2328 fontem
2306 2247 2505 2326 fuisse

274 2367 495 2432 librum
534 2373 603 2433 in
642 2375 885 2453 septem
916 2371 1303 2453 sapientium
1334 2369 1555 2433 laudes
1586 2369 1910 2432 conditum
1947 2371 2200 2433 censuit
2228 2370 2503 2433 eundem

273 2477 381 2557 qui
423 2478 650 2543 fuisset
694 2477 843 2541 libri
890 2478 1061 2542 noni.
1153 2479 1242 2541 At
1285 2477 1684 2560 Pythagoras
1733 2497 1770 2540 a
1815 2478 2198 2562 sapientium
2235 2495 2504 2541 numero

275 2583 435 2649 clare
496 2590 867 2667 segregatur
934 2604 987 2649 c.
1040 2584 1139 2667 10,
1190 2587 1222 2647 1
1288 2576 1385 2647 ὅτι
1450 2578 1845 2668 Πυθαγόρας
1890 2583 2289 2666 φιλοσοφίαν,
2348 2575 2505 2646 ἀλλ’

272 2681 353 2750 οἰ
420 2694 697 2773 σοφίαν
758 2685 968 2754 ἐκάλει
1025 2684 1142 2775 τὴν
1205 2688 1375 2755 ἰδίαν
1438 2688 1708 2774 αἵρεσιν·
1768 2685 2345 2771 καταμεμφόμενος
2389 2682 2504 2773 γὰρ

274 2790 435 2869 τούς
498 2791 652 2882 πρὸ
734 2791 972 2862 αὐτοῦ
1035 2796 1456 2883 κεκλημένους
1518 2791 1716 2861 ἔπτὰ
1781 2790 2064 2879 σοφοὺς
2133 2793 2360 2879 ἔλεγεν,
2427 2790 2506 2869 ὥς

272 2898 456 2985 σοφὸς
520 2904 640 2985 μέν
704 2904 909 2977 οὐδείς
970 2902 1141 2968 ἐστιν
1190 2900 1534 2989 ἄνθρωπος
1580 2900 1681 2967 ὤν.
1775 2904 1873 2969 Ne
1922 2904 2164 2968 diutius
2210 2904 2504 2987 plausum

277 3012 587 3086 cohibeaS,
620 3012 741 3075 hoc
780 3030 1024 3075 moneo.
1118 3011 1263 3095 Cap.
1298 3012 1355 3091 3,
1396 3013 1433 3074 2
1458 3030 1488 3074 s
1524 3011 1606 3073 ad
1633 3012 2074 3076 instituentem
2105 3013 2503 3075 concurrisse

274 3114 499 3181 dicitur
560 3123 693 3181 tota
752 3117 907 3181 urbs
956 3154 1038 3165 —-
1086 3120 1191 3180 καὶ
1245 3110 1397 3188 τούς
1440 3110 1928 3197 ἐντυγχάνοντας
1974 3110 2110 3179 ἀπὸ
2154 3120 2265 3202 τῆς
2309 3115 2504 3179 πολυ-

273 3221 511 3296 τελείας
572 3225 678 3286 καὶ
739 3227 983 3309 τρυφῆς
1048 3222 1429 3307 ἀπέτρεπεν,
1492 3218 1797 3287 ἁπάντων
1859 3216 1962 3287 διὰ
2015 3216 2131 3307 τὴν
2194 3222 2505 3307 εὐπορίαν

274 3318 493 3415 ἀνέδην
555 3326 985 3411 ἐκκεχυμένων
1047 3326 1137 3401 εἰς
1201 3325 1411 3393 ἄνεσιν
1473 3330 1596 3395 κτὲ.
1690 3330 2086 3407 Quibuscum
2132 3330 2503 3393 felicissime

278 3452 415 3499 cum
464 3439 539 3501 A.
588 3437 881 3500 Enmann
930 3438 1072 3521 (leg.
1122 3438 1223 3501 die
1272 3438 1528 3519 quellen
1576 3438 1635 3502 d.
1682 3438 1900 3522 Pomp.
1945 3436 2125 3519 Trog.
2172 3458 2230 3519 p.
2273 3438 2399 3500 164
2421 3438 2504 3516 ss)

279 3544 571 3609 contendi
620 3545 880 3607 iusserit
916 3545 957 3607 J
960 3545 1157 3607 ustini
1188 3543 1321 3606 XX
1350 3549 1410 3625 4,
1443 3546 1481 3606 2
1517 3551 1862 3609 muta-ssent
1893 3547 1998 3623 (sc.
2032 3543 2502 3622 Crotonienses)

276 3648 461 3714 vitam
507 3652 779 3715 luxuria
823 3652 897 3715 ‘ni
926 3651 1339 3736 Pythayoras
1362 3652 1767 3735 philosophus
1797 3653 2040 3732 suisset,
2086 3650 2318 3713 fundos
2355 3670 2504 3713 suos

277 3748 553 3833 legitime
599 3758 841 3839 recepit
876 3756 1236 3835 Timaeus.¹)
1327 3757 1587 3821 Poterat
1631 3765 1843 3821 autem
1888 3757 1953 3819 id
2003 3776 2258 3840 quoque
2305 3757 2506 3839 digito·

278 3863 753 3926 commonstrari
798 3868 869 3925 ut
900 3862 1067 3945 apud
1100 3864 1474 3946 scriptorem
1501 3864 1860 3927 Romanum
1891 3863 2172 3927 cotidie
2201 3865 2505 3927 virtutem

278 3961 601 4051 laudatam,
665 3970 990 4032 luxuriam
1066 3971 1513 4053 reprehensam
1576 3970 1722 4046 dici,
1785 3971 1873 4033 ita
1918 3969 2268 4033 Diodorum
2315 3970 2504 4054 paulo

280 4085 461 4154 supra
532 4075 861 4157 scripsisse
936 4076 1103 4139 καθ’
1168 4069 1458 4160 ἡμέραν
1522 4076 1802 4160 ὥσπερεὶ
1886 4070 2048 4161 πρός
2118 4097 2284 4146 τινος
2340 4079 2506 4138 θεοῖ

279 4184 629 4262 παρουσίαν
694 4171 986 4251 ἅπαντας
1058 4186 1415 4267 συντρέχειν
1491 4179 1604 4246 ἐπὶ
1671 4176 1784 4244 την
1844 4174 2153 4265 ἀκρόασιν.
2265 4181 2504 4263 Ecquis

446 4322 489 4388 ι)
528 4318 619 4373 cf.
658 4317 880 4383 Rohde,
918 4320 1068 4381 Mus,
1106 4321 1221 4374 Rh.
1262 4322 1348 4390 27,
1386 4324 1475 4380 27.
1511 4323 1601 4379 28.

2118 4409 2184 4463 4*
