3200 5050
1182 441 1266 450 -.-
1359 406 1623 466 45-

288 583 446 677 ἧμεν
495 591 657 660 ἀλλὰ
694 600 800 661 καὶ
845 593 1325 684 φιλάνθρωπον,
1383 599 1775 682 Diotogenes
1820 601 2081 665 ibidem·
2110 601 2213 683 43,
2263 602 2345 664 95
2392 609 2524 672 τοῖς

284 695 648 788 ἀνθρώποις
735 707 890 790 περὶ
951 704 1075 785 μὲν
1138 699 1440 786 ἅμπέλως
1494 709 1632 776 πῶς
1694 699 1811 791 χρὴ
1876 707 2221 792 τμηθῆμέν
2285 727 2357 770 τε
2418 709 2522 776 καὶ

281 809 675 890 ε’ποφθτῖμεν
738 816 1238 897 πεφρονημένως
1303 807 1446 892 ἔχει,
1519 804 1602 874 τὰ
1665 813 1718 875 ‹5’
1784 804 1899 876 ἐπὶ
1956 817 2084 875 τῶν
2160 806 2524 899 ἀνθρώπων

281 911 449 999 ἤθεα
517 917 800 997 ἅμελέως
867 937 940 980 τε
1003 919 1109 980 καὶ
1173 915 1442 1000 είκαίως,
1513 920 1699 982 cuius
1747 920 2045 1003 discipuli
2090 921 2216 1003 ipsi
2265 921 2524 984 fuerunt

279 1024 403 1086 nisi
468 1025 884 1088 Aristoxeni?
979 1025 1070 1090 Of.
1137 1025 1306 1089 Stob.
1371 1025 1464 1088 ΕΙ.
1529 1027 1635 1107 43,
1700 1027 1784 1088 49
1849 1028 1937 1089 in.
2001 1027 2232 1090 Jambl.
2299 1028 2428 1090 204
2454 1028 2519 1110 ¹).

280 1129 450 1205 Quid
499 1131 669 1212 quod
714 1137 1094 1214 personatus
1141 1132 1450 1195 Zaleucus
1495 1131 1659 1196 Flor.
1688 1134 1792 1214 44,
1818 1134 1921 1196 20.
1949 1134 2028 1196 21
2066 1139 2269 1196 totum
2307 1134 2518 1216 legum

277 1238 672 1319 prooemium
723 1257 756 1301 e
806 1237 1282 1302 Sententiarum
1329 1239 1625 1322 exemplo
1684 1239 1985 1302 effinxit?
2075 1240 2519 1323 Recognoscas

279 1363 530 1407 mecum
581 1345 641 1425 1)
687 1338 834 1416 τούς
879 1347 1329 1415 κατοικοῦντας
1372 1338 1490 1429 τὴν
1533 1339 1727 1408 πόλιν
1756 1347 1860 1408 καὶ
1890 1338 2007 1431 τὴν
2038 1340 2247 1431 χώραν
2274 1340 2522 1417 πάντας

277 1450 578 1534 πρῶτον
640 1454 1007 1514 πεπεῖσθαι
1069 1444 1186 1536 χρὴ
1251 1453 1355 1514 καὶ
1413 1451 1685 1531 νομίζειν
1729 1445 1966 1524 θεοὺς
2010 1444 2214 1516 εἶναι
2261 1507 2275 1518 .
2314 1503 2374 1518 ..
2422 1457 2521 1515 σε’-

276 1560 511 1638 βεσθαι
576 1555 646 1619 δὲ
701 1551 966 1628 τούτους
1027 1559 1131 1621 καὶ
1195 1562 1402 1639 τιμᾶν,
1469 1551 1549 1629 ὡς
1619 1556 1910 1631 αἰτίους
1973 1555 2159 1631 ὄντας
2222 1551 2521 1622 ἁπάντων

279 1655 428 1745 ἡμῖν
497 1657 756 1743 ἀγαθῶν
817 1668 940 1727 τῶν
1010 1657 1173 1726 κατὰ
1234 1661 1416 1742 λόγον
1479 1671 1854 1746 γιγνομένων
1916 1717 1929 1729 .
1960 1717 1972 1729 .
2004 1717 2017 1729 .
2084 1667 2222 1730 0011.
2287 1667 2330 1730 J
2332 1667 2519 1730 ambl.

282 1771 406 1833 174
454 1791 534 1834 m.
583 1773 647 1853 2)
695 1764 860 1842 ὅσοις
905 1769 975 1834 δὲ
1018 1764 1110 1856 μὴ
1157 1765 1372 1859 ῥᾴδιον
1416 1765 1577 1853 πρὸς
1623 1775 1827 1835 ταῦτα
1881 1765 1999 1856 τὴν
2045 1765 2246 1857 ὃρμνν
2292 1780 2519 1835 πεπεῖ-

275 1879 448 1958 σθαι,
505 1871 624 1960 τὴν
675 1877 746 1940 δὲ
803 1870 1018 1964 ψυχὴν
1066 1874 1312 1958 ἔχουσιν
1359 1871 1684 1963 εὐκίνητον
1731 1871 1894 1963 πρὸς
1940 1872 2199 1953 ἀδικίαν,
2249 1929 2261 1942 .
2301 1929 2314 1942 .
2360 1899 2519 1959 μεμ-

275 1986 512 2068 νῆσθαι
578 1987 783 2048 θεῶν
839 1978 926 2056 ὡς
991 1981 1225 2073 ὄντων
1288 1988 1394 2049 καὶ
1460 1986 1675 2058 δίκας
1720 1981 2326 2066 ἐπιπεμπόντων
2388 1994 2520 2058 τοῖς

276 2082 508 2162 ἀδίκοις
555 2142 611 2155 ..
647 2142 659 2154 .
709 2093 847 2155 0011.
894 2092 953 2155 J.
1005 2095 1132 2156 174
1181 2098 1306 2156 ext.
1359 2095 1483 2155 175
1515 2095 1603 2156 in.
1653 2095 1718 2173 3)
1765 2088 2007 2178 πάτρια
2054 2093 2123 2158 δὲ
2167 2095 2303 2158 scil.
2346 2088 2519 2175 νόμι-

273 2218 364 2276 μα
412 2189 578 2260 εἶναι
623 2190 697 2261 τὲ
749 2193 1049 2261 κάλλιστα
1099 2200 1238 2262 coll.
1285 2199 1343 2262 J.
1398 2203 1521 2265 176
1571 2201 1657 2263 in.
1704 2199 1774 2284 4)
1824 2193 1903 2271 ὡς
1946 2194 2114 2280 μετὰ
2166 2194 2361 2272 θεοὺς
2413 2202 2518 2264 καὶ

275 2304 580 2384 δαίμονας
616 2306 723 2367 καὶ
761 2297 970 2389 ἥρωας
1012 2313 1209 2384 γονεῖς
1253 2325 1325 2368 τε
1362 2308 1468 2368 καὶ
1512 2300 1695 2386 νόμοι
1739 2309 1845 2369 καὶ
1893 2303 2186 2391 ἄρχοντες
2230 2301 2521 2387 σύνεγγύς

271 2408 394 2474 εἰσι
448 2419 588 2482 ταῖς
640 2420 854 2492 τιμαῖς
908 2412 1067 2497 παρ’
1115 2405 1482 2498 ἀνθρώποις
1536 2417 1687 2476 νοῦν
1732 2409 1947 2492 ἔχουσι
2000 2416 2106 2478 καὶ
2153 2417 2517 2500 σωθησομέ-

273 2540 398 2589 νοις
445 2518 585 2583 0011.
622 2519 681 2583 J.
713 2521 854 2584 175.
948 2520 1013 2599 3)
1054 2526 1116 2583 et
1151 2521 1215 2601 4)
1264 2519 1487 2584 ordine
1534 2521 1787 2585 inverso
1836 2521 2091 2604 scripsit
2119 2521 2518 2586 Jamblichus

272 2644 385 2688 suo
443 2626 602 2689 iure.
695 2626 857 2689 Nam
916 2626 1189 2708 pessime
1247 2627 1637 2690 dirimuntur
1687 2628 2060 2711 μεμνῆσθαι
2111 2628 2287 2690 θεῶν
2344 2630 2407 2709 2)
2456 2634 2520 2693 et

272 2724 351 2803 ὦς
396 2724 566 2811 μετὰ
609 2724 806 2803 θεοὺς
852 2735 936 2813 4).
1031 2732 1269 2796 Contra
1314 2734 1509 2816 probe
1558 2736 1773 2797 omnia
1820 2735 1883 2815 3)
1930 2735 2300 2798 subiuncto:
2370 2755 2517 2798 cum

271 2839 646 2921 praesertim
702 2839 1013 2903 Zaleucus
1067 2839 1568 2921 transgrediatur
1632 2840 1711 2903 ad
1775 2836 1969 2903 πόλιν
2023 2839 2092 2903 δὲ
2146 2839 2520 2925 φιλαιτέραν

268 2945 494 3029 μηδεὶς
550 2940 746 3030 ἄλλην
801 2948 1118 3008 ποιείσθω
1173 2948 1286 3030 τῆς
1342 2938 1540 3009 αὖτοῖ
1585 2947 1905 3032 πατρίδος,
1956 2949 2299 3011 unanimus
2359 2947 2519 3012 alter

270 3051 350 3113 ad
396 3044 474 3113 τὸ
517 3055 733 3131 μένειν
777 3047 848 3115 ἐν
891 3060 1022 3122 τοῖς
1067 3055 1360 3137 πατρίοις
1407 3048 1596 3115 ἔθεσί
1626 3072 1699 3115 τε
1744 3055 1849 3116 καὶ
1894 3058 2184 3134 νομίμοις
2228 3050 2515 3134 ἐδοκίμα-

270 3157 389 3236 ζον,
436 3149 555 3219 κᾶν
601 3144 640 3243 ᾖ
684 3159 886 3243 μικρῷ
930 3161 1116 3243 χείρω
1165 3156 1410 3243 ἑτέρων.
1500 3158 1849 3222 Restabant
1900 3162 1960 3237 5)
2006 3152 2153 3232 τούς
2198 3159 2268 3223 δὲ
2312 3164 2515 3223 ταῦτα

269 3267 787 3347 παραβαίνοντας
816 3256 933 3349 χρὴ
980 3266 1088 3327 καὶ
1132 3260 1426 3344 κολάζειν,
1476 3256 1556 3335 ὦς
1601 3260 2177 3338 κατασκευάζοντας
2212 3290 2250 3329 τ
2259 3270 2291 3353 ᾗ
2326 3262 2515 3329 πόλει

249 3373 582 3465 ,μεγίστων
625 3374 832 3433 κακῶν
880 3363 1089 3455 ἀρχήν,
1139 3370 1522 3456 ἀναρχίαν.
1617 3370 1709 3435 Of.
1740 3372 1830 3435 ΕΙ.
1860 3373 1964 3453 43,
1994 3374 2100 3439 49.
2197 3375 2259 3450 6)
2297 3368 2514 3458 ἄρχον-

267 3498 381 3547 τας
446 3475 516 3539 δέ
569 3470 659 3561 μὴ
716 3468 880 3540 εἶναι
937 3469 1242 3548 aeacidae
1296 3477 1460 3563 μηδὲ
1528 3470 1691 3563 πρὸς
1735 3471 2043 3564 ἐπήρειαν
2096 3482 2326 3564 κρίνειν
2374 3480 2513 3543 0011.

269 3584 356 3647 St.
404 3584 443 3646 l.
476 3584 514 3649 l.
603 3584 869 3667 Singula
931 3585 1128 3667 igitur
1187 3585 1338 3648 licet
1393 3586 1705 3649 Zaleucus
1744 3593 2147 3669 personatus
2211 3588 2517 3651 minuerit

271 3691 552 3753 auxerit:
613 3690 787 3773 origo
837 3691 1184 3773 sapientiae
1231 3697 1466 3774 aperta.
1557 3692 1600 3755 J
1603 3712 1707 3754 am
1761 3711 1912 3755 vero
1962 3711 2123 3775 quae
2169 3694 2240 3755 in
2290 3713 2511 3776 prooe-

269 3797 470 3859 mium
517 3801 667 3859 sunt
703 3798 976 3860 infercta
1023 3798 1244 3879 ecquis
1284 3797 1529 3861 dubitat
1575 3819 1656 3861 an
1696 3818 1770 3863 ea
1815 3819 1946 3861 non
1992 3803 2166 3862 recte
2216 3800 2513 3863 tribueri-

271 3921 412 3965 mus
457 3897 857 3983 Ἄποφοῖσεων
904 3903 1210 3967 exordio?

449 4009 517 4073 Si
583 4028 743 4092 opus
800 4015 981 4091 esset,
1047 4011 1170 4073 hoc
1226 4011 1524 4093 quodque
1581 4011 1730 4073 addi
1790 4017 2003 4093 posset
2048 4018 2511 4095 argumentum.

450 4169 492 4236 ¹)
532 4164 801 4220 Eundem
838 4166 1227 4237 Diotogenem
1261 4166 1413 4222 Flor.
1444 4168 1532 4235 43,
1571 4168 1677 4221 130
1702 4186 1757 4239 p.
1799 4168 1917 4234 135,
1960 4169 2026 4221 12
2065 4168 2185 4221 εἷκᾶ
2221 4187 2279 4221 τε
2316 4170 2406 4221 καὶ
2444 4161 2515 4229 ὡς

271 4252 425 4328 ἔτυχε
463 4272 582 4309 non
609 4255 922 4309 verisimile
948 4255 1130 4311 fuisse
1159 4256 1436 4326 locutum,
1474 4262 1588 4312 nisi
1625 4256 1781 4328 apud
1818 4258 2068 4312 eundem
2094 4257 2356 4327 legisset3
2395 4258 2509 4313 vid.

268 4342 311 4397 J
311 4344 482 4399 ambl.
520 4345 639 4399 212.
