3200 5050
1621 383 2062 448 -25-

724 576 1105 641 deliberatis.
1196 576 1539 642 Extremae
1578 579 1616 658 ἓ
1660 578 1786 640 128
1833 579 2204 660 sententiae,
2251 571 2410 650 ὅλως
2453 576 2524 642 δὲ
2559 573 2770 651 πάσας
2813 577 2951 660 κτλ,

720 682 1126 748 Jamblichus
1172 683 1429 766 quidem
1471 692 1697 748 auctor
1731 704 1862 748 uon
1899 690 2011 767 est,
2061 685 2364 767 quoniam
2401 693 2636 768 postea,
2663 687 2702 764 ,ξ
2731 686 2859 750 234
2878 705 2953 766 ss,

720 794 945 854 contra
986 789 1197 874 legem
1231 791 1371 873 ipse
1406 790 1576 854 fecit,
1667 789 1838 873 Ergo
1875 791 2042 856 hanc
2079 791 2429 875 descripsit.
2519 793 2609 856 At
2645 792 2790 874 quis
2821 793 2956 856 eius

720 897 984 960 auctor?
1074 895 1307 960 Nonne
1372 895 1592 961 eadem
1659 897 2090 980 discrepantia
2153 897 2554 962 considerata
2615 896 2956 962 verisimile

722 1002 977 1066 videtur
1012 1003 1090 1066 ab
1132 1003 1357 1067 eodem
1404 1023 1443 1065 a
1474 1023 1619 1085 quo,
1667 1004 1874 1086 capite
1918 1003 1999 1068 de
2035 1004 2318 1068 amicitia
2361 1004 2669 1085 absoluto,
2715 1006 2956 1069 ratione

720 1108 831 1172 illa
883 1109 1037 1172 finis
1094 1109 1392 1173 narrandi
1448 1109 1565 1172 fiat
1619 1109 1960 1192 aliquando
2016 1110 2312 1193 exempla
2366 1111 2560 1174 etiam
2606 1111 2686 1192 ἓξ
2735 1112 2868 1175 234
2897 1130 2958 1174 ss

718 1221 909 1280 antea
953 1235 1091 1280 esse
1137 1222 1447 1300 prompta,
1494 1235 1640 1280 cum
1689 1217 2056 1299 praesertim
2106 1217 2175 1279 in
2223 1219 2262 1299 ξ
2305 1217 2426 1280 127
2480 1235 2700 1282 eversa
2748 1216 2960 1280 fundi-

720 1330 825 1385 tus
870 1342 1001 1385 non
1046 1323 1217 1385 sint?
1310 1322 1481 1398 Quid
1528 1323 1701 1405 quod
1747 1325 1827 1405 ἓξ
1880 1325 2000 1386 127
2029 1343 2060 1386 s
2107 1323 2188 1386 ad
2235 1324 2696 1388 Aristoxenum
2743 1324 2960 1388 relatis

718 1432 757 1510 ξ
811 1429 935 1492 198
982 1429 1177 1492 verba
1223 1448 1387 1511 quae
1432 1428 1857 1510 abundabant,
1903 1425 2052 1492 οὔτε
2099 1427 2170 1492 δὲ
2213 1430 2428 1513 κέρδος
2471 1425 2614 1511 καὶ,
2680 1449 2848 1512 quae
2891 1431 2960 1492 in

716 1537 853 1601 fine
901 1538 1222 1601 amicitiae
1260 1537 1727 1619 Pythagoricae
1772 1537 2035 1602 laudum
2083 1539 2410 1602 exstitisse
2447 1543 2634 1602 antea
2677 1538 2962 1601 vidimus

717 1643 1053 1708 adnectere
1120 1643 1291 1723 licet,
1354 1643 1699 1707 dummodo
1760 1637 1830 1707 δὲ
1896 1644 2066 1726 quod
2123 1665 2160 1708 a
2212 1645 2253 1708 J
2257 1643 2576 1709 amblicho
2639 1649 2962 1708 structura

717 1750 1033 1813 enuntiati
1080 1751 1301 1833 exegit
1314 1749 1365 1833 1)
1414 1755 1697 1814 mutetur
1738 1751 1810 1813 in
1855 1743 1982 1834 γάρ.
2079 1750 2218 1828 Quo
2257 1751 2427 1815 facto
2473 1751 2581 1815 hic
2625 1750 2963 1834 pervolan-

717 1857 838 1920 dus
903 1876 1191 1940 cam-pus:
1258 1849 1416 1928 ὅλως
1478 1850 1549 1919 δὲ
1610 1850 1822 1929 πάσας
1889 1855 1956 1920 εἴ
2011 1877 2104 1929 τις
2161 1855 2330 1937 λέγοι
2382 1849 2494 1929 τὰς
2546 1861 2964 1942 γεγενημένας

716 1955 965 2044 ὁμιλίας
1027 1971 1159 2035 τοῖς
1222 1967 1691 2049 Πυθαγορείοις
1745 1956 1909 2047 πρὸς
1954 1956 2294 2048 ἀλλήλους,
2350 1956 2688 2048 ὖπεραίροι
2743 1958 2822 2026 ἄν
2873 1965 2960 2048 τᾷ

712 2064 902 2156 μήκει
944 2063 1057 2132 τὸν
1110 2065 1291 2148 ὄγκον
1348 2071 1455 2132 καὶ
1498 2062 1611 2132 τὸν
1655 2063 1874 2155 καιρὸν
1917 2073 2033 2134 τοῦ
2081 2065 2582 2155 συγγράμματος·
2647 2065 2800 2134 οὔτε
2846 2064 2964 2154 γὰρ

712 2177 930 2261 κέρδος
960 2171 1109 2239 οὔτε
1146 2172 1471 2255 ἐπιθυμία
1498 2225 1512 2238 .
1544 2224 1557 2239 .
1588 2226 1602 2239 .
1640 2171 1789 2238 οὔτε
1839 2172 1992 2240 ἄλλο
2038 2170 2227 2240 οὐδὲν
2261 2180 2388 2240 τῶν
2423 2170 2728 2240 τοιούτων
2757 2175 2964 2241 αἴτιον

712 2280 957 2362 ἐγένετο
1020 2284 1345 2366 διαφορᾶς,
1410 2275 1571 2345 ἀλλὰ
1616 2277 1854 2355 πάντες
1916 2282 1978 2346 οἱ
2021 2279 2456 2367 Πυθαγόρειοι
2523 2275 2722 2355 οὕτως
2787 2275 2966 2363 εἶχον

714 2382 876 2474 πρὸς
923 2381 1229 2473 ἀλλήλους
1274 2381 1354 2461 ὦς
1400 2381 1479 2452 ἂν
1524 2382 1750 2473 πατὴρ
1794 2390 2143 2462 σπουδαῖος
2187 2383 2350 2474 πρὸς
2393 2393 2582 2454 τέκνα
2629 2393 2828 2475 σχοίη.

892 2517 1031 2598 Age
1086 2514 1351 2597 prodeat
1397 2515 1509 2596 qui
1555 2513 1927 2597 splendidae
1976 2516 2397 2598 expositionis
2455 2513 2965 2598 splendidiorem

714 2621 1064 2686 clausulam
1110 2622 1456 2685 invenerit!

1799 2887 1857 2949 2.

892 3029 1077 3107 Quod
1140 3028 1485 3093 Jamblichi
1542 3031 1622 3111 ἐξ
1675 3030 1795 3092 137
1859 3030 1936 3093 ad
1990 3031 2115 3093 140
2181 3030 2259 3093 ad
2325 3050 2515 3097 unam
2584 3041 2807 3095 omnes
2875 3052 2964 3096 ex

710 3138 1099 3200 Aristoxeno
1166 3136 1483 3199 derivatas
1536 3136 1828 3199 Rohdius
1889 3135 2050 3201 MuS.
2096 3137 2215 3200 Rh.
2266 3138 2368 3217 27,
2433 3138 2518 3199 45
2551 3155 2580 3199 s
2637 3136 2821 3219 dixit,
2892 3139 2960 3202 in

711 3263 789 3307 ea
850 3263 920 3307 re
976 3243 1142 3306 haud
1204 3243 1471 3307 dubium
1537 3249 1635 3307 est
1694 3244 1852 3325 quin
1926 3244 2146 3307 multis
2199 3243 2569 3307 nominibus
2627 3247 2962 3310 erraverit.

710 3350 1031 3414 Audiatur
1093 3352 1301 3431 capite
1364 3349 1638 3415 dissecto
1706 3350 1850 3431 quis
1925 3351 2238 3431 cuiusque
2307 3351 2656 3432 particulae
2732 3357 2966 3416 auctor

711 3456 955 3520 evadat

888 3580 1195 3659 Primum,
1244 3581 1281 3660 ξ
1334 3580 1459 3642 140
1508 3586 1666 3644 extr.
1719 3581 2092 3643 Aristoxeni
2147 3601 2273 3643 non
2325 3586 2435 3644 est.
2525 3580 2722 3645 Hunc
2780 3584 2960 3645 enim

711 3686 1047 3749 tradidisse
1083 3686 1353 3768 posteris
1401 3678 1497 3748 ὅτι
1542 3682 1802 3769 ’Ἄβαριν
1847 3679 1958 3749 τὸν
1996 3680 2427 3771 ’Υπερβόρεον
2472 3685 2675 3749 εἱστία
2713 3688 2961 3769 Pytha-

709 3811 894 3874 goras
941 3794 1045 3854 καὶ
1090 3784 1201 3853 τὰν
1246 3785 1461 3854 ὀϊστὸν
1508 3793 1706 3855 αὐτοῦ
1755 3791 2053 3873 ἀφείλετο
2101 3779 2150 3878 ᾧ
2194 3789 2572 3877 ἐκυβερνᾶτο
2621 3814 2750 3858 non
2802 3816 2960 3860 con—

710 3897 893 3960 cedat
939 3898 993 3960 is
1041 3900 1151 3980 qui
1192 3898 1450 3961 dubiam
1499 3901 1679 3962 vocis
1719 3898 2021 3979 ἀφείλετο
2067 3903 2202 3963 vim
2248 3901 2549 3983 respiciat
2581 3919 2796 3981 neque
2843 3902 2960 3965 ad-

710 4005 1071 4067 miratorem
1142 4005 1502 4088 philosophi
1566 4006 2065 4089 Peripateticum
2144 4011 2349 4088 neget.
2454 4008 2544 4070 At
2605 4006 2728 4070 hoc
2801 4008 2958 4073 fieri

888 4254 931 4319 ¹)
970 4250 1190 4304 Eadem
1239 4250 1310 4304 de
1356 4266 1531 4305 causa
1568 4256 1828 4305 oratione
1875 4234 2108 4322 obliqua.
2144 4269 2316 4322 quam
2364 4269 2471 4322 ego
2501 4256 2702 4324 postea
2739 4254 2958 4308 sustuli

710 4344 797 4393 uti
835 4344 1070 4395 coactus
1109 4344 1212 4394 est.
