3200 5050
1223 404 1662 467 -23-..

316 592 531 661 τάτων
594 590 772 663 εἶναι.
864 601 941 664 In
1007 601 1045 681 ξ
1097 601 1217 664 197
1289 601 1447 665 dicit
1507 601 1803 689 διηγεῖτο;
1867 623 1993 684 quo
2057 621 2387 684 nunquam
2439 602 2562 664 uti-

318 712 429 768 tur
490 708 560 769 in
624 706 984 771 Sententiis,
1104 707 1240 771 Has
1305 710 1503 791 igitur
1567 709 1646 772 ob
1725 728 1948 773 causas
2009 729 2140 771 non
2206 708 2562 772 audiendus

318 813 545 878 Rohde
606 815 718 896 qui
767 814 861 878 Ι.1.
908 835 966 898 p.
1016 816 1099 877 35
1127 835 1157 878 s
1220 817 1435 879 omnia
1501 817 1750 898 putavit
1813 835 1976 897 quae
2041 816 2138 878 illi
2202 816 2279 879 ab
2339 815 2562 878 amicis

316 920 745 1004 Pythagoreis
810 927 1113 985 narrata
1178 928 1390 986 essent
1449 921 1528 986 de
1582 927 1795 986 sectae
1843 942 1971 986 non
2018 923 2224 986 solum
2274 922 2563 986 doctrina

320 1045 550 1090 verum
597 1028 786 1092 etiam
834 1029 1146 1091 institutis
1192 1049 1267 1092 ac
1304 1028 1762 1092 nonnullorum
1793 1029 1932 1092 eius
1963 1029 2348 1092 asseclarum
2373 1028 2562 1092 factis

318 1152 399 1196 eo
448 1151 588 1197 esse
635 1140 950 1217 congesta.
1040 1135 1246 1198 Immo
1294 1134 1785 1218 diligentissime
1833 1134 2287 1218 distinguenda
2331 1153 2560 1198 censeo

318 1241 402 1303 ab
448 1241 711 1323 reliquis
758 1242 1071 1325 fragmina
1116 1240 1604 1328 Sententiarum.
1699 1244 1755 1305 A
1817 1242 2050 1324 quibus
2098 1262 2245 1306 cum
2291 1246 2422 1304 tota
2465 1243 2562 1304 in-

318 1347 467 1411 dole
514 1347 802 1412 diversae
849 1348 978 1411 sint
1023 1350 1101 1430 §§
1152 1349 1277 1411 199
1300 1367 1379 1430 ss,
1426 1349 1506 1411 ad
1554 1367 1749 1430 quem
1791 1348 2025 1411 librum
2053 1349 2168 1411 has
2194 1347 2562 1412 referendas

318 1472 465 1518 esse
540 1456 881 1538 putemus?
990 1455 1273 1519 Vivendi
1349 1456 1662 1519 rationem
1727 1456 1982 1538 qualem
2045 1456 2115 1517 in
2180 1454 2561 1537 quibusdam

316 1561 515 1624 rebus
559 1561 858 1645 gerendis
900 1561 1288 1645 Pythagorei
1336 1562 1749 1645 probaverint
1782 1561 1963 1626 illinc
2001 1562 2326 1626 discimus,
2392 1561 2561 1637 Quid

318 1667 567 1731 multa?
638 1667 867 1732 Parata
897 1674 1047 1732 sunt
1078 1671 1293 1734 omnia
1323 1670 1403 1732 ad
1435 1671 1817 1732 sententiam
1856 1669 2233 1752 simpliciter
2261 1668 2561 1752 nudeque

315 1774 652 1838 ferendam
699 1795 855 1858 eam,
918 1796 1043 1858 qua
1087 1776 1236 1840 illae
1272 1776 1653 1859 paragraphi
1701 1775 2111 1840 vindicantur
2154 1778 2286 1859 Βίῳ
2335 1777 2560 1838 Πυθα-

314 1885 542 1966 γορείῳ
587 1889 667 1964 (v.
697 1881 927 1965 Porph.
957 1882 1086 1946 Vit.
1112 1881 1180 1945 P.
1214 1883 1250 1963 ξ
1284 1883 1393 1963 59)
1434 1883 1531 1945 vel
1571 1884 2002 1968 Πυθαγορικῷ
2032 1881 2098 1965 (J
2101 1881 2287 1945 ambl.
2323 1882 2359 1962 ξ
2390 1882 2560 1963 233).

500 1990 587 2052 At
630 1989 897 2052 fortasse
935 1993 1046 2052 tuo
1092 1989 1234 2052 iure
1272 1991 1397 2052 iam
1439 2008 1706 2070 quaeras
1754 2009 1871 2053 cur
1905 1988 2164 2052 tandem
2209 1989 2299 2051 ita
2337 1988 2560 2069 enitar,

315 2115 466 2158 cum
536 2101 706 2159 certo
772 2096 1097 2179 profligari
1161 2115 1264 2159 res
1328 2097 1531 2178 possit
1592 2097 1972 2159 testimonio.
2082 2093 2560 2178 Peropportune

315 2202 492 2266 enim
541 2201 776 2265 accidit
822 2202 990 2284 quod
1048 2203 1427 2265 confirmare
1475 2221 1550 2265 eo
1596 2203 1764 2284 licet,
1813 2204 1869 2265 si
1914 2202 2104 2264 modo
2149 2201 2318 2282 licet,
2365 2203 2560 2264 inter-

314 2309 739 2390 pretationem
790 2308 1190 2392 philologam.
2245 2394 2251 2400 ·

499 2415 845 2498 Postquam
902 2416 1054 2480 inde
1113 2437 1150 2479 a
1196 2417 1233 2498 ἓ
1287 2418 1411 2480 196
1459 2417 1694 2479 vitasse
1741 2415 1899 2479 dicti
1963 2421 2114 2478 sunt
2174 2416 2560 2498 Pythagorei

315 2514 654 2602 ἀνώμαλον
705 2527 860 2605 βίον,
926 2516 1122 2609 ὀργάς,
1182 2524 1481 2605 ἀθυμίας,
1539 2516 1832 2609 ταραχάς,
1906 2517 2068 2585 ἄλλα
2129 2526 2396 2586 τοιαῦτα
2464 2523 2560 2584 id-

315 2649 447 2711 que
492 2632 705 2712 ipsum
752 2631 1035 2694 moribus
1093 2643 1157 2695 et
1200 2631 1388 2695 factis
1435 2650 1657 2694 eorum
1705 2649 1868 2713 quae
1923 2631 2361 2713 exemplorum
2416 2630 2558 2693 loco

314 2735 773 2800 describuntur
818 2737 1291 2820 comprobatum
1343 2742 1454 2819 est,
1512 2737 1878 2819 aptissimus
1924 2756 2000 2801 eo
2045 2737 2128 2799 fit
2168 2754 2558 2819 progressuS,

312 2846 395 2905 ut
440 2848 505 2907 et
546 2842 831 2907 lacrimis
869 2844 1140 2926 aliisque
1179 2845 1497 2908 similibus
1526 2845 1887 2907 animorum
1915 2844 2196 2907 motibus
2223 2849 2563 2907 narrentur

312 2952 788 3033 temperavisse.
882 2950 1130 3028 Quibus
1178 2952 1595 3015 consideratis
1643 2952 1812 3033 apud
1849 2952 2062 3033 ipsum
2099 2952 2558 3014 Aristoxenum

313 3076 470 3121 cum
548 3056 677 3120 illis
748 3058 1185 3140 superioribus
1245 3057 1578 3141 probatum
1650 3058 1906 3121 videtur
1972 3051 2332 3121 cohaesisse
2402 3057 2558 3120 haec

312 3163 517 3226 verba
562 3168 599 3244 ἕ
656 3165 775 3228 198
824 3162 1049 3227 οἴκτων
1095 3164 1165 3227 δὲ
1210 3167 1315 3228 καὶ
1362 3158 1650 3250 δακρύων
1675 3166 1783 3227 καὶ
1813 3157 2073 3227 πάντων
2107 3164 2234 3226 τῶν
2259 3159 2558 3226 τοιούτων

312 3267 645 3356 εἴργεσθαι
689 3264 837 3343 τούς
883 3267 1128 3357 ἄνδρας.
1222 3271 1399 3349 Quae
1446 3292 1484 3334 a
1528 3272 1570 3336 J
1572 3271 1891 3335 amblicho
1939 3276 2316 3355 repetuntur
2352 3274 2388 3352 ξ
2428 3270 2558 3333 234

310 3377 538 3441 multis
626 3378 1138 3443 commodissime
1212 3378 1545 3443 subtextiS.
1661 3377 1825 3441 Cum
1897 3397 2049 3442 vero
2120 3378 2291 3441 idem
2379 3382 2560 3441 tenor

308 3486 673 3567 reperiatur
689 3486 757 3547 in
788 3486 995 3567 §2242
1028 3487 1413 3549 successisse
1451 3484 1645 3550 rebus
1683 3486 1762 3567 ἓξ
1792 3485 1918 3547 196
1957 3485 2035 3547 ad
2069 3485 2193 3547 198
2234 3481 2560 3568 εἴργεσθαι

308 3584 467 3663 τούς
514 3587 741 3677 ἄνδρας
788 3592 1214 3675 colligendum
1264 3598 1360 3656 est
1406 3612 1481 3655 ea
1527 3611 1692 3673 quae
1739 3591 2148 3675 paragraphis
2195 3591 2325 3653 234
2351 3608 2413 3653 ss
2457 3609 2557 3654 re—

310 3701 631 3763 feruntur.
724 3699 1005 3777 Quarum
1055 3700 1328 3781 partium
1377 3698 1645 3761 inferior
1691 3698 2061 3781 deprompta
2105 3702 2201 3760 est
2245 3716 2280 3760 e
2323 3699 2558 3760 Πυθα-

309 3808 539 3891 γορικιῖ
585 3809 744 3891 Βίῳ;
794 3806 903 3867 vid
951 3808 988 3885 ξ
1036 3806 1183 3867 233.
2531 3885 2543 3898 .

496 3912 620 3977 Sed
667 3913 763 3975 uti
807 3911 1081 3976 formido
1128 3932 1294 3975 nova
1340 3912 1652 3993 quaedam
1699 3912 1937 3974 instare
1976 3911 2232 3975 videtur
2268 3913 2556 3992 quaestio

314 4038 481 4102 quae
528 4024 711 4083 curat
756 4023 988 4082 sortem
1036 4017 1376 4081 verborum
1426 4019 1462 4099 ξ
1516 4018 1642 4080 198
1688 4013 1837 4079 οὔτε
1884 4015 1954 4080 δὲ
1982 4016 2198 4101 κέρδος
2236 4012 2386 4080 οὔτε
2417 4013 2555 4080 ἐπι·
2605 4047 2608 4050 ·

309 4129 565 4206 θυμίαν
637 4120 785 4188 οὔτε
851 4117 1037 4211 ὀργὴν
1103 4120 1253 4187 οὔτε
1317 4122 1687 4205 φιλοτιμίαν
1750 4116 1902 4187 οὐδὲ
1967 4119 2118 4186 ἄλλο
2182 4122 2368 4187 οὐδὲν
2430 4126 2557 4186 τῶν

308 4226 619 4297 τοιοίτων
662 4229 864 4294 αἴτιον
923 4235 1213 4311 γίνεσθαι
1259 4232 1582 4317 διαφορᾶς,
1639 4224 1798 4295 ἀλλὰ
1843 4225 2090 4302 πάντας
2133 4224 2281 4302 τούς
2325 4233 2554 4294 Πυθα-

306 4342 593 4427 γορείους
656 4330 857 4410 οὕτως
921 4333 1088 4418 ἔχειν
1132 4332 1294 4424 πρὸς
1340 4331 1649 4424 ἀλλήλους
1696 4331 1776 4410 ὦς
1824 4329 1900 4400 ἂν
1945 4331 2163 4423 πατῆρ
2208 4336 2556 4408 σπουδαῖος
