3200 5050
1130 399 1567 496 —19-5

409 588 485 650 In
550 608 625 653 eo
692 591 896 672 capite
962 611 1087 673 quo
1148 593 1227 656 de
1290 595 1488 679 καιρῷ
1534 597 1830 678 exposuit
1873 596 2298 661 Aristoxenus
2345 599 2468 662 hoc

239 695 501 778 legimus
566 699 963 761 enuntiatum
1032 701 1069 780 ἓ
1120 702 1245 766 182
1310 692 1506 786 ἀρχὴν
1568 700 1639 764 δὲ
1686 695 2118 784 ἀπεφαίνοντο
2154 701 2224 768 ἐν
2254 707 2468 769 ’παντὶ

237 799 305 866 ἕν
364 827 424 866 τι
486 804 613 866 τῶν
674 799 1067 886 τιμιωτάτων
1130 799 1295 871 εἶναι
1339 801 1570 888 ὁμοίως
1615 808 1683 874 ἐν
1727 808 2052 901 ἐπισττῗμῃ
2095 833 2168 877 τε
2212 815 2317 876 καὶ
2361 809 2474 893 ἔμε

224 922 452 1004 πειρίᾳ
496 921 603 982 καὶ
647 915 717 983 ἐν
752 924 989 1000 γενέσει
1006 922 1075 1006 ¹),
1125 919 1573 1009 δυσθεώρητον
1621 921 1690 985 δὲ
1735 922 1841 984 καὶ
1887 914 2326 984 δυσσύνοπτον
2352 913 2468 1006 τὴν

235 1028 345 1109 τῆς
407 1018 595 1111 ἀρχῆς
658 1022 849 1108 φύσιν
916 1024 986 1092 ἐν
1049 1033 1211 1092 πᾶσι
1256 1037 1386 1101 τοῖς
1432 1027 1799 1115 εἰρημένοις.
1895 1027 2122 1092 Nonne
2158 1028 2354 1091 verba
2399 1023 2468 1091 ἐν

234 1136 467 1211 γενέσει
513 1154 677 1216 quae
725 1142 1223 1200 consentaneum
1270 1142 1366 1200 est
1403 1137 1780 1200 Germanice
1827 1154 1966 1199 esse
2012 1135 2320 1199 vertenda
2365 1135 2467 1216 „in

238 1240 350 1303 der
366 1239 707 1324 Zeugung“
728 1242 879 1305 satis
897 1244 1337 1326 inexspectata
1351 1245 1736 1308 occurrunt?
1800 1242 1966 1320 Quid
1981 1244 2010 1305 P
2058 1243 2466 1306 Ponamusne

236 1347 601 1429 scriptorem
650 1354 837 1412 antea
869 1350 1233 1433 diligentius
1262 1352 1634 1433 exposuisse
1654 1351 1733 1414 de
1767 1341 2020 1434 ἀκαιρία
2047 1349 2113 1412 in
2147 1367 2466 1431 genera·

236 1455 443 1517 tione
508 1455 891 1520 cavenda?
985 1455 1127 1522 Non
1197 1479 1357 1542 opus
1404 1460 1786 1522 coniectura.
1879 1457 1957 1520 In
2005 1477 2079 1520 ea
2125 1457 2296 1521 enim
2343 1456 2468 1519 dis-

233 1562 573 1644 putatione,
623 1583 813 1645 quam
858 1565 1038 1628 initio
1087 1586 1232 1629 eum
1280 1566 1630 1646 instituisse
1675 1557 2076 1646 Ἅποφάσεων
2121 1584 2314 1646 supra
2359 1563 2468 1629 de-

234 1670 679 1734 monstravisse
745 1670 897 1734 mihi
963 1673 1207 1754 videor,
1272 1674 1391 1737 hae
1456 1677 1762 1756 apparent
1823 1672 2173 1736 sententiae
2249 1673 2285 1752 ἓ
2337 1671 2464 1734 209

232 1776 386 1860 περὶ
433 1774 502 1838 δὲ
545 1771 957 1862 γεννήσεως
1000 1772 1152 1842 τάδε
1198 1780 1401 1860 λέγειν
1438 1773 1667 1851 αὐτοὺς
1705 1777 1978 1861 ἔφασαν·
2025 1773 2311 1841 καθόλου
2349 1777 2468 1858 μὲν

233 1878 427 1968 ᾤοντο
492 1884 625 1947 δεῖν
686 1880 1131 1966 φυλάττεσθαι
1188 1881 1273 1950 τὸ
1326 1881 1798 1968 καλούμενον
1843 1885 2230 1972 προφερὲς
2277 1891 2466 1968 atque

229 1991 469 2055 ibidem
539 2010 667 2055 non
724 1992 921 2057 multo
970 1999 1113 2078 post
1156 1987 1368 2058 πολλὰ
1413 1994 1482 2059 δὲ
1525 1999 1653 2058 τῶν
1698 1987 1860 2058 κατὰ
1904 1987 2014 2056 τὸν
2060 1987 2466 2079 ἀνθρώπινον

229 2101 369 2181 βίον
432 2101 699 2161 τοιαῦτα
762 2091 939 2180 εἶναι,
1002 2098 1071 2164 ἐν
1134 2090 1228 2174 οἷς
1287 2097 1535 2185 βέλτιόν
1579 2099 1748 2166 ἐστιν
1799 2103 1836 2189 ἡ
1882 2101 2022 2188 ὄψι
2031 2105 2238 2192 μαθί
2245 2123 2309 2179 α,
2383 2083 2468 2162 ὧν

228 2197 396 2268 εἶναι
459 2206 565 2268 καὶ
640 2198 757 2268 miv
818 2211 947 2270 τῶν
1010 2209 1391 2295 ἀφροδισίων
1454 2213 1688 2294 χρείαν.
1799 2211 2203 2293 Superiorem
2275 2209 2470 2290 igitur

229 2313 397 2376 hanc
444 2314 907 2397 expositionem
944 2316 1032 2379 ibi
1079 2317 1416 2400 significat.

1316 2515 1407 2586 3ae

410 2636 520 2699 Eis
594 2657 758 2719 quae
825 2639 902 2715 de
967 2640 1323 2723 fragmento
1384 2641 1421 2721 ἓ
1474 2642 1599 2703 180
1621 2660 1684 2703 ss
1754 2640 1978 2721 scripsi
2044 2658 2232 2701 usum
2280 2638 2466 2701 aliam

230 2762 487 2826 quoque
532 2740 932 2825 Ἀποφοῖσεων
996 2746 1374 2830 particulam
1422 2764 1537 2811 suo
1582 2748 1725 2811 loco
1773 2765 2083 2829 reponere
2129 2764 2232 2808 me
2278 2764 2465 2827 posse

227 2850 626 2917 crediderim.
777 2854 1164 2917 Audivimus
1258 2863 1570 2937 quantum
1653 2853 2039 2935 Pythagorei
2127 2852 2466 2915 tribuerint

228 2958 520 3043 εὐκαιρίᾳ
566 2958 731 3023 lecto
779 2960 1147 3025 Aristoxeni
1196 2962 1586 3039 testimoni03
1639 2960 1998 3024 audivimus
2045 2964 2298 3041 praeter
2344 2959 2468 3021 alia

229 3066 557 3129 censuisse
618 3086 725 3129 eos
773 3058 939 3129 εἶναι
983 3061 1095 3129 τὸν
1139 3060 1357 3153 καιρὸν
1400 3072 1627 3152 μέχρι
1671 3090 1742 3129 τι
1759 3059 1880 3138 νὸς
1925 3060 2232 3131 διδακτόν.
2327 3066 2468 3141 Qua

226 3172 425 3254 igitur
470 3173 532 3235 vi
580 3173 869 3238 homines
917 3180 1051 3237 tum
1098 3176 1334 3258 impelli
1384 3175 1672 3239 dicamus
1701 3174 1778 3236 ad
1816 3192 1918 3236 res
1955 3173 2280 3255 gerendaS,
2319 3192 2464 3235 cum

226 3279 385 3360 quid
446 3285 663 3364 aptum
731 3281 881 3363 quid
944 3303 1076 3345 non
1141 3288 1309 3346 esset
1353 3301 1436 3345 ne
1483 3281 1728 3345 discere
1777 3280 2036 3363 quidem
2080 3280 2465 3363 potuerunt?

220 3387 667 3469 Respondebis
727 3388 893 3451 haud
960 3389 1150 3453 dubie
1208 3384 1383 3476 τύχῃ.
1476 3388 1703 3471 Neque
1752 3408 1903 3452 vero
1951 3392 2022 3450 tu
2067 3388 2266 3465 solus;
2317 3407 2465 3449 nam

223 3501 479 3557 veteres
526 3516 795 3577 quoque,
848 3516 995 3559 cum
1042 3497 1119 3559 de
1168 3498 1364 3560 altero
1424 3498 1620 3561 locuti
1671 3500 1866 3580 erant,
1912 3494 2217 3559 facillime
2265 3499 2466 3556 trans-

220 3602 601 3665 ferebantur
664 3603 746 3665 ad
810 3602 1089 3666 alteram.
1182 3604 1381 3667 Velut
1443 3604 1622 3667 Plato
1671 3604 1825 3667 dicit
1867 3602 2093 3685 Legg.
2141 3622 2198 3684 p.
2241 3601 2368 3665 709
2417 3608 2466 3664 Α

219 3702 384 3779 θεὲς
420 3706 540 3788 μὲν
575 3702 789 3772 πάντα
820 3712 925 3773 καὶ
955 3703 1123 3790 μετὰ
1152 3711 1317 3773 θεοῦ
1346 3704 1531 3795 τύχη
1577 3712 1704 3773 καὶ
1750 3702 2009 3796 καιρὸς
2047 3701 2466 3793 τάνθρώπινα

412 3906 453 3970 ¹)
492 3902 779 3958 Inferiora
832 3906 923 3957 καὶ
958 3899 1116 3959 πάλιν
1172 3904 1245 3958 ad
1300 3901 1614 3976 συστήμασι,
1660 3908 1874 3976 quippe
1909 3920 2057 3974 quae
2094 3907 2296 3957 contra
2333 3920 2467 3957 con-

218 3992 425 4047 silium
460 3992 797 4047 Aristoxeni
848 3994 1090 4049 adverso
1147 3993 1340 4048 fronte
1394 3997 1676 4064 pugnent,
1730 4009 1901 4047 nemo
1937 4009 2056 4046 non
2091 3991 2255 4046 videt
2291 3992 2362 4045 ab
2399 4007 2467 4045 eo

217 4098 354 4137 esse
392 4081 686 4135 inculcata
720 4085 820 4152 qui
857 4076 1037 4154 ἀρχὴν
1074 4082 1135 4136 id
1162 4080 1492 4151 significare
1530 4085 1763 4153 putavit
1799 4081 1953 4152 quod
1988 4085 2312 4153 imperium,
2351 4085 2386 4135 i.
2419 4098 2464 4134 e.

218 4190 256 4224 a
297 4170 343 4225 J
344 4170 653 4225 amblicho.
729 4170 945 4225 Contra
1001 4172 1176 4226 velim
1230 4171 1435 4225 audias
1480 4171 1618 4242 quid
1654 4170 2080 4243 Peripateticus
2117 4174 2468 4243 spectaverit

213 4266 351 4333 ipso
388 4262 425 4331 ἓ
463 4260 567 4315 182
603 4265 747 4317 extr.
788 4256 843 4313 ἐν
882 4258 988 4333 γὰρ
1026 4268 1139 4321 ταῖς
1174 4258 1571 4332 ἐπιστήμαις
1609 4302 1622 4315 .
1654 4302 1665 4313 .
1698 4302 1709 4313 .
1748 4261 2043 4328 βλέψαντας
2079 4260 2172 4320 εἰς
2196 4258 2267 4313 τὰ
2295 4260 2464 4333 μέρη

214 4351 317 4423 τῆς
353 4352 745 4431 πραχματείας.

2082 4456 2147 4509 2*
