3200 5050
1653 409 2090 472 -10-

754 598 1028 686 φάσεων,
1096 623 1259 686 quae
1303 604 1346 668 J
1349 623 1587 668 oannes
1635 603 1943 668 Stobaeus
1991 603 2378 686 Anthologio
2441 603 2740 665 inseruit.
2845 602 3028 666 Nolo

752 717 1094 776 retractare
1166 730 1329 792 quae
1388 711 1497 774 ille
1544 713 1646 774 vir
1691 711 1914 773 doctus
1977 709 2332 792 expedivit3
2401 711 2591 772 immo
2661 711 2768 772 eis
2847 728 3026 791 quae

754 818 987 882 effecta
1033 817 1287 881 credam
1336 837 1491 880 usus
1536 819 1874 881 restituere
1921 817 2201 881 conabor
2245 822 2435 900 caput
2479 817 2714 900 ipsum.
2823 815 3026 892 Quod

753 926 1079 1007 negotium
1146 943 1228 988 ne
1290 925 1545 988 facilius
1607 924 1989 988 conficiatur
2053 925 2227 987 varia
2289 929 2439 987 sunt
2513 923 3024 1006 impedimenta.

755 1031 1097 1108 Quaeritur
1141 1033 1315 1095 enim
1362 1051 1491 1112 qua
1532 1032 1780 1094 ratione
1827 1031 1973 1094 illae
2021 1035 2231 1113 partes
2277 1030 2444 1112 apud
2491 1030 3024 1113 Peripateticum

753 1138 995 1202 fuerint
1022 1139 1421 1214 coniunctae,
1468 1139 1800 1218 quaeritur
1825 1157 1980 1199 num
2011 1139 2258 1219 integra
2289 1137 2646 1220 fragmenta
2683 1137 3025 1200 Stobaeus

754 1247 1121 1324 servaverit,
1170 1246 1504 1326 quaeritur
1546 1263 1700 1306 num
1753 1244 1907 1325 quid
1952 1244 1995 1306 J
1997 1242 2353 1306 amblichus
2399 1245 2768 1306 mutaverit.

928 1351 1088 1415 Inde
1136 1372 1173 1415 a
1218 1351 1433 1414 verbis
1482 1351 1518 1432 ἓ
1572 1353 1646 1413 17
1655 1352 1697 1413 4
1756 1344 1834 1414 τό
1893 1350 2290 1413 διανοεῖσθαι
2345 1352 2440 1414 sic
2493 1350 3027 1433 progrediuntur

753 1459 1133 1522 sententiae:
1185 1459 1379 1520 vitam
1440 1457 1608 1520 bene
1668 1456 1905 1520 acturis
1963 1475 2123 1538 opus
2184 1475 2322 1519 esse
2381 1476 2420 1519 a
2469 1475 2624 1538 quo·
2656 1463 3023 1539 rogantum

754 1564 1017 1628 deorum
1084 1570 1298 1628 autem
1366 1565 1684 1646 imprimis
1745 1563 2056 1626 rationem
2119 1580 2260 1626 esse
2325 1562 2686 1626 habendam
2738 1565 3027 1646 imperii

753 1691 827 1734 ac
893 1670 1215 1753 praesidii.
1280 1670 1511 1734 deinde
1574 1674 1912 1752 parentum
1975 1674 2040 1732 et
2099 1668 2330 1750 legum,
2400 1669 2572 1751 leges
2621 1675 2856 1733 autem
2915 1690 3027 1735 eas

754 1779 1031 1840 maxime
1079 1763 1223 1840 esse'
1265 1775 1784 1864 comprobandam,
1834 1793 1998 1856 quae
2045 1794 2083 1836 a
2127 1775 2475 1838 maioribus
2511 1776 2643 1838 sint
2677 1784 3024 1860 acceptae.

930 1884 1149 1967 Ipsum
1219 1881 1592 1965 paragraphi
1667 1883 1790 1944 174
1857 1879 2210 1960 exordium,
2278 1900 2422 1944 cum
2483 1881 2562 1944 de
2629 1881 3028 1966 Pythagora

753 1995 967 2054 narret
1012 2008 1158 2069 uno,
1208 2008 1356 2051 cum
1401 1988 1503 2051 his
1546 1988 1883 2050 sententiis
1923 1986 2174 2049 conecti
2211 1988 2462 2068 nequit3
2511 1987 2758 2052 deinde
2795 2010 2840 2052 a
2877 2009 3028 2054 ver-

753 2097 853 2160 bis
897 2089 971 2158 τὸ
1017 2096 1415 2159 διανοεῖσθαι
1460 2094 1541 2157 ad
1589 2085 2006 2177 ἀνθρωπίνην
2067 2085 2372 2177 διαγωγὴν
2416 2095 2454 2175 ξ
2507 2097 2632 2156 175
2684 2097 2866 2161 med.
2925 2100 3029 2159 in-

754 2203 1023 2268 columis
1070 2208 1168 2265 est
1214 2202 1393 2279 ord03
1444 2201 1557 2265 sed
1604 2220 1680 2264 ea
1725 2218 1888 2281 quae
1936 2198 2308 2279 succedunt,
2355 2205 2427 2262 ut
2475 2201 2873 2266 Aristoxeni
2924 2223 3032 2267 re-

750 2309 1011 2372 ficiatur
1048 2295 1290 2388 cursuS‚
1339 2309 1479 2391 ipsa
1522 2311 1676 2372 sunt
1719 2305 2046 2388 ponenda:

750 2425 885 2503 μετὰ
946 2430 1007 2483 δὲ
1058 2424 1116 2483 τὸ
1172 2428 1357 2482 θεῖόν-
1390 2448 1448 2482 τε
1510 2431 1601 2480 καί
1657 2426 1714 2480 τὸ
1771 2422 2050 2498 δαιμόνιον
2109 2429 2354 2480 πλεῖστον
2425 2445 2448 2551 1

748 2528 1026 2578 ποιεῖσθαι
1076 2515 1247 2590 λόγον,
1285 2518 1485 2589 γονέων
1522 2537 1579 2571 τε
1632 2519 1724 2570 καί
1779 2511 1974 2589 νόμων,
2027 2515 2119 2567 καὶ
2156 2511 2353 2568 τούτων

753 2604 984 2683 ὗπήκοον
1049 2602 1211 2663 αὖτὸν
1268 2602 1694 2672 κατασκευάζειν,
1761 2610 1837 2678 μὴ
1905 2605 2157 2669 πλαστῶς,
2219 2597 2350 2659 ἀλλὰ
2426 2554 2619 2746 iswb·
2659 2570 2752 2624 ΕΙ·
2799 2575 2905 2643 79,
2958 2577 3031 2628 45

749 2700 1137 2772 πεπεισμένως·
1190 2693 1423 2752 καθόλου
1469 2696 1529 2749 δὲ
1584 2692 1744 2767 ᾤοντο
1799 2696 1916 2747 δεῖν
1955 2685 2352 2765 ὕπολαμβάνειν

748 2788 916 2861 μηδὲν
970 2787 1109 2842 εἶναι
1154 2792 1355 2859 ,με-ἷζον
1390 2782 1555 2837 κακὸν
1592 2777 1881 2856 ἀναρχίας·
1939 2774 2003 2833 οὗ
2041 2780 2148 2851 γὰρ
2186 2799 2350 2846 neqv—
2430 2778 2436 2829 ἷ
2497 2799 2656 2853 Stob·
2691 2798 2784 2853 ΕΙ.
2823 2803 2924 2873 43,
2957 2804 3029 2858 49

748 2879 897 2931 κε’ναι
980 2875 1069 2932 τὸν
1154 2872 1445 2950 ἄνθρωπον
1520 2868 1874 2945 διασῴζεσθαι
1945 2865 2175 2942 μηδενὸς
2237 2865 2350 2922 ἐπι·
2447 2869 2619 2923 ambl.
2669 2871 2797 2932 175,
2847 2875 2966 2928 176

750 2969 1084 3026 πατοῦντος·
1138 2968 1195 3022 τὸ
1240 2965 1425 3038 μένειν
1463 2960 1521 3016 ἐν
1560 2969 1666 3021 τοῖς
1703 2962 1944 3032 πατρίοις
1980 2958 2140 3041 ἔθεσί
2165 2976 2226 3011 τε
2261 2959 2352 3009 καὶ
2429 2960 2435 2989 ³
2464 2940 2486 3004 ,1

747 3064 993 3129 νομίμοις
1036 3053 1345 3127 ἐδοκίμαζον
1390 3055 1442 3105 οἱ
1477 3049 1669 3126 ἄνδρες
1715 3048 1923 3113 ἐκεῖνοι,
1971 3042 2074 3099 κᾶν
2113 3042 2144 3120 ᾗ
2177 3048 2354 3118 μικρῷ
2425 2995 2620 3155 }Stob.
2659 3046 2752 3102 1⁴¹1.
2807 3051 2913 3119 79,
2956 3054 3028 3105 45

749 3148 915 3219 χείρω
973 3144 1189 3218 ἑτέρων·
1246 3138 1304 3197 τὸ
1353 3141 1460 3213 γὰρ
1517 3141 1709 3215 ῥᾳδίως
1762 3132 2050 3206 α’ποπηδᾶν
2105 3128 2213 3187 dub
2249 3135 2351 3187 τῶν
2465 3141 2470 3167 ²

750 3228 1103 3308 ὑπαρχόντων
1156 3228 1338 3305 ν’όμων
1390 3232 1482 3284 καὶ
1539 3230 1765 3289 οἰκείους
1819 3224 1958 3279 εἶναι
2012 3226 2352 3295 καινοτομίας

748 3320 993 3397 οὕδαμῶς
1055 3320 1193 3376 εἶναι
1259 3321 1529 3393 συμφέρον
1593 3312 1719 3371 οὗδὲ
1773 3313 2056 3387 σωτήριον·
2114 3314 2240 3385 περὶ
2295 3310 2353 3364 δὲ

747 3408 1025 3487 ἆρχόντων
1077 3414 1169 3465 καὶ
1216 3405 1535 3484 (ἔρχομένων
1572 3406 1737 3465 οὕτως
1773 3402 2059 3477 ἐφρόνουν·
2100 3399 2218 3459 τοὺς
2251 3398 2353 3472 μὲν

747 3500 854 3576 γὰρ
909 3498 1173 3576 ἄρχοντας
1228 3499 1459 3567 ἔφασκον
1495 3490 1557 3548 οὗ
1594 3490 1763 3568 μόνον
1800 3488 2172 3564 ἐπιστήμονας,
2220 3482 2351 3543 ἄλλα
2495 3497 2658 3550 ὃωῑ),
2685 3496 2778 3552 Fl,
2822 3502 2920 3567 43,
2951 3504 3025 3555 49

746 3595 837 3644 καί
882 3586 1295 3665 φιλανθρώπους
1338 3589 1453 3640 δεῖν
1508 3582 1666 3652 εἶναι,
1711 3585 1802 3635 καὶ
1849 3580 1968 3641 τοὺς
2020 3574 2354 3652 ἄρχομένους

747 3677 809 3734 οὗ
845 3678 1013 3753 μόνον
1052 3681 1375 3749 πειθηνίους,
1414 3670 1545 3731 ἀλλὰ
1582 3674 1676 3727 καὶ
1713 3665 2086 3744 φιλάρχοντας.

927 3809 1323 3890 Quamquam
1402 3802 1570 3887 apud
1654 3806 2004 3880 utrumque
2077 3797 2299 3856 testem
2371 3791 2643 3855 eundem
2711 3794 3020 3877 ipsarum

747 3918 1209 3979 sententiarum
1276 3911 1567 3975 ordinem
1637 3906 1899 3970 subesse
1963 3905 2135 3965 certe
2181 3898 2725 3980 persentiscimuS,
2788 3907 3022 3970 tamen

744 4024 835 4085 id·
859 4024 1029 4085 inter
1067 4040 1175 4084 eos
1220 4021 1504 4091 interest,
1553 4020 1630 4078 ut
1657 4013 1700 4077 J
1704 4008 2068 4075 amblichus
2103 4004 2357 4087 plenam
2391 4004 2853 4087 sinceramque
2883 4012 3020 4076 loci

746 4130 1116 4195 memoriam
1182 4126 1552 4203 servaverit,
1621 4122 1664 4185 J
1668 4136 1910 4182 oannes
1971 4118 2083 4177 aut
2143 4111 2280 4192 ipse
2339 4110 2438 4191 (cf.
2484 4109 2664 4173 Diels
2711 4114 2788 4175 in
2839 4116 3018 4185 Mus,

743 4238 857 4301 Rh.
890 4238 992 4318 30,
1027 4236 1177 4317 173)
1225 4243 1337 4297 aut
1381 4232 1523 4296 eius
1570 4232 1811 4304 auctor,
1861 4240 2011 4307 cum
2057 4218 2528 4300 Πυθαγορικῶν
2571 4208 3020 4300 Ἀποφάσεων

742 4344 1051 4409 nonnulla
1124 4344 1334 4431 capita
1406 4341 1475 4402 in
1552 4332 1946 4414 florilegium
2019 4324 2359 4406 reciperet,
2434 4323 2541 4385 hic
2623 4324 2767 4389 illic
2861 4352 3019 4399 cum
