3200 5050
1645 405 2078 468 -46-

924 598 1440 662 Fundamentum
1500 599 1860 662 orationum
1915 598 2147 662 Jambl.
2195 599 2278 680 ἓξ
2328 599 2408 662 37
2461 599 2540 662 ad
2592 601 2670 662 57
2741 603 2972 660 tumore

744 704 1018 768 ‘verboso
1056 707 1405 789 insignium
1446 724 1528 768 ex
1564 711 1728 768 nutu
1763 705 2146 768 Dicaearchi
2191 707 2430 769 iactum
2478 723 2618 769 esse
2663 725 2700 768 a
2733 705 2974 767 Timaeo

748 811 967 874 multis
1034 811 1287 875 videtur
1346 810 1569 875 Rohde
1623 811 1665 874 1.
1705 811 1742 874 1.
1798 831 1856 894 p.
1905 810 1985 874 27
2021 829 2052 874 s
2114 812 2533 894 persuasisse3
2603 829 2974 893 quamquam

748 917 1186 999 inquisitionis
1240 919 1383 1000 ipsa
1434 917 1543 980 via
1586 917 1926 1000 opprobrio
1981 936 2122 981 esse
2179 919 2402 1001 potuit.
2493 917 2781 1000 Vestigia
2836 936 2973 980 cum

748 1023 1347 1088 animadvertissent
1412 1024 1614 1088 Siculi
1679 1025 2008 1107 scriptoris
2072 1025 2366 1106 quamvis
2435 1023 2622 1105 levia,
2698 1043 2825 1086 non
2887 1024 2977 1084 in-

750 1129 1093 1211 quirebant
1147 1136 1441 1194 essentne
1496 1131 1566 1192 in
1623 1130 2028 1212 subtegmine
2084 1130 2256 1212 quod
2311 1129 2630 1213 appellare
2682 1128 2978 1213 philologi

748 1236 955 1299 solent
998 1256 1079 1299 an
1128 1236 1567 1320 exemplorum
1623 1237 1764 1301 loco
1817 1236 1992 1300 unde
2038 1238 2212 1300 nitor
2254 1236 2350 1300 illi
2415 1242 2480 1300 et
2523 1238 2800 1320 gravitas
2843 1255 2977 1298 suc-

749 1347 1081 1408 cresceret.
1181 1343 1279 1407 Ne
1343 1344 1571 1406 multa:
1639 1362 1946 1425 agnosces
2009 1361 2080 1407 re
2144 1362 2297 1406 vera
2357 1344 2430 1405 in
2503 1343 2605 1406 his
2679 1341 2978 1424 exemplis

751 1449 878 1512 duo
928 1469 1091 1531 quae
1130 1469 1277 1514 cum
1324 1449 1694 1533 fragmentis
1735 1450 1976 1514 Timaei
2025 1468 2370 1534 compares
2463 1449 2650 1514 Certe
2675 1450 2753 1512 H.
2781 1447 2978 1512 Kothe

749 1592 830 1602 —
880 1558 1137 1640 scripsit
1192 1557 1299 1621 hic
1351 1557 1431 1620 de
1484 1557 1740 1620 Timaeo
1795 1557 2328 1621 Tauromenitano
2377 1557 2634 1620 Vratisl.
2686 1557 2856 1618 1874
2901 1591 2976 1600 -

746 1682 804 1744 p.
855 1665 889 1725 7
950 1663 1134 1726 vanis
1188 1663 1565 1746 plerumque
1637 1669 1988 1728 concentus
2063 1664 2377 1747 exemplis
2442 1663 2742 1727 tabellam
2813 1663 2977 1726 locu-

748 1769 1027 1851 pletavit.
1118 1769 1389 1834 Herculi
1434 1770 1632 1834 boves
1679 1789 1795 1854 per
1839 1769 2177 1834 Crotonem
2233 1771 2450 1853 agenti
2497 1771 2646 1852 quis
2701 1770 2977 1833 adversa-

748 1882 850 1939 tus
907 1882 1075 1940 esset
1132 1879 1277 1960 quis
1332 1877 1700 1960 auxilinm,
1764 1879 1802 1960 ξ
1849 1878 1954 1958 40,
2017 1896 2102 1941 ne
2146 1883 2397 1960 poterat
2451 1877 2712 1959 quidem
2758 1877 2834 1939 ab
2879 1874 2976 1937 illo

748 1984 1101 2067 comperiri,
1168 1989 1385 2066 utpote
1449 1985 1554 2048 cui
1621 1985 1706 2066 (v,
1771 1983 1954 2048 Diod.
2001 1983 2095 2046 IV
2155 1985 2258 2067 21.
2327 1983 2436 2061 22)
2501 2003 2615 2046 ora
2679 1984 2977 2046 maritima

747 2089 967 2154 Italiae
1016 2090 1394 2154 occidentali
1446 2091 1570 2154 iter
1604 2091 1833 2155 fecisse
1877 2091 2067 2154 heros
2112 2091 2180 2153 in
2227 2090 2506 2154 Siciliam
2553 2090 2764 2153 dictus
2809 2093 2978 2153 esset

748 2195 964 2260 Ludos
1012 2195 1421 2279 olympiacos
1468 2196 1547 2260 ab
1596 2197 1824 2260 eodem
1868 2198 2005 2260 viro
2053 2197 2198 2260 forti
2246 2197 2570 2260 institutos
2617 2215 2758 2260 esse
2802 2213 2976 2258 nemo

750 2303 967 2366 credat
1010 2321 1095 2366 ex
1141 2303 1575 2367 Hermocratis
1623 2304 1909 2366 oratione
1955 2314 2034 2381 (v,
2074 2303 2298 2384 Polyb.
2334 2301 2470 2366 XII
2507 2304 2612 2384 26,
2661 2304 2726 2384 2)
2773 2319 2978 2385 quem·

748 2429 937 2490 quam
996 2410 1409 2474 transtulisse.
1504 2409 1716 2486 Quid?
1809 2409 2143 2473 Puellulus
2215 2429 2373 2472 num
2433 2410 2652 2473 rhetor
2712 2409 2836 2472 fuit
2885 2425 2977 2468 ru-

748 2515 1087 2580 dissimusP
1180 2515 1415 2581 Contra
1454 2517 1624 2600 quod
1661 2517 1934 2581 feminas
1977 2517 2367 2601 lepidissime
2406 2516 2561 2581 dicit
2595 2516 2977 2599 Pythagoras

748 2624 1013 2687 deorum
1060 2625 1264 2688 cultui
1310 2626 1591 2688 maxime
1639 2643 1780 2688 esse
1826 2624 2174 2689 destinatas
2220 2629 2543 2706 tamquam
2592 2624 2749 2706 ipsis
2785 2620 2976 2685 nomi-

748 2730 955 2812 nibuS,
1012 2725 1189 2816 Κόρα
1245 2725 1493 2818 Νύμφῃ
1538 2732 1762 2815 Μητρὶ
1807 2733 2019 2814 Μαίᾳ,
2076 2731 2198 2794 hoc
2257 2730 2543 2813 profecto
2593 2750 2741 2794 cum
2786 2729 2975 2793 Laert„

750 2837 907 2901 VIII
957 2839 1036 2901 11
1103 2838 1360 2901 Timaeo
1426 2837 1745 2901 adscribo:
1811 2837 2004 2900 simul
2070 2857 2221 2901 vero
2287 2844 2416 2901 tam
2479 2836 2680 2901 simili
2747 2837 2977 2899 ratione

747 2945 916 3008 dicto
982 2944 1350 3007 confirmari
1418 2944 1606 3008 video
1671 2945 2053 3008 sententiam
2120 2946 2198 3025 ei,
2272 2964 2401 3025 qua
2472 2943 2782 3026 exemplis
2853 2940 2976 3003 istis

746 3050 915 3131 alibi,
964 3056 1035 3113 ut
1080 3051 1439 3114 orationum
1486 3057 1812 3116 auctorem
1867 3053 2134 3116 minime
2181 3052 2510 3115 indoctum
2569 3070 2780 3133 neque
2805 3047 2976 3111 desi-

754 3158 1007 3221 diosum
1072 3159 1239 3222 sicut
1290 3157 1549 3221 aliunde
1602 3159 1740 3240 ista,
1805 3160 1894 3221 ita
1955 3159 2077 3222 hoc
2141 3158 2428 3221 attulisse
2491 3158 2573 3220 ad
2637 3156 2974 3221 ornandum

748 3266 1053 3328 orationis
1081 3265 1292 3329 locum
1332 3265 1695 3347 collegerim
1725 3283 1762 3329 e
1789 3265 2062 3329 Timaeo.
2153 3264 2253 3329 Ne
2284 3264 2527 3327 diutius
2556 3264 2635 3328 de
2671 3276 2976 3343 anonymo

749 3373 1007 3435 homine
1070 3372 1435 3453 loquamur!
1546 3372 1898 3454 Aptissime
1964 3372 2259 3435 intellexi
2323 3392 2364 3434 a
2427 3371 2670 3435 Zellero
2726 3372 2759 3433 I
2819 3368 2884 3431 1⁵
2923 3384 2973 3446 p.

748 3481 896 3560 313,
944 3480 983 3541 3
1059 3478 1472 3561 Apollonium
1550 3496 1690 3541 esse
1760 3479 2154 3541 nominatum
2239 3477 2589 3551 Jamblichi
2665 3481 2972 3541 auctorem

750 3584 978 3648 collato
1028 3585 1064 3665 ἓ
1104 3586 1287 3648 259s
1334 3603 1644 3666 sermone,
1693 3604 1840 3648 cum
1885 3585 2428 3667 paragraphorum
2466 3585 2546 3646 37
2591 3584 2670 3646 ad
2709 3586 2788 3645 57
2840 3597 2973 3643 con-

748 3692 957 3755 tiones
1011 3693 1338 3774 scriptoris
1396 3692 1609 3755 verbis
1667 3691 1970 3771 eiusdem,
2027 3694 2063 3769 ἓ
2112 3691 2242 3753 254
2296 3690 2546 3771 Jambl.,
2607 3690 2838 3772 respici
2893 3683 2972 3743 vi-

748 3798 982 3861 dissem
1030 3797 1091 3860 οἱ
1135 3792 1250 3882 γὰρ
1297 3794 1649 3881 ἄνθρωποι,
1705 3801 1930 3881 μέχρι
1975 3795 2114 3876 μὲν
2159 3796 2544 3875 διελέγετο
2587 3796 2775 3859 πᾶσι
2831 3796 2972 3855 τοῖς

748 3902 1158 3989 προσιοῦσι
1212 3900 1704 3990 Πυθαγόρας,
1768 3896 1961 3987 ἡδέως
2024 3894 2209 3983 εἶχον,
2273 3899 2422 3966 ἐπεὶ
2477 3901 2548 3965 δὲ
2591 3897 2806 3984 μόνοις
2855 3893 2970 3960 ἐνε-

747 4005 1014 4090 τύγχανε
1069 4020 1200 4082 τοῖς
1253 4016 1597 4096 μαθηταῖς,
1658 3998 2026 4095 Ίζλαττοῦτο.
2118 4011 2246 4074 Hic
2302 4011 2499 4091 igitur
2541 4009 2780 4072 Timaei
2825 4004 2972 4067 ἱστο-

750 4122 889 4203 ρίας
919 4119 1089 4200 legit.
1184 4118 1582 4182 Documento
1617 4119 1681 4181 id
1712 4137 1964 4199 quoque
1995 4124 2092 4181 est
2115 4116 2283 4199 quod
2309 4116 2558 4200 puellas
2590 4137 2627 4179 a
2654 4114 2869 4179 Locris
2910 4108 2971 4167 ut

751 4227 968 4288 Aiacis
998 4225 1207 4289 scelus
1238 4226 1577 4307 expiarent
1603 4225 1853 4287 'boiam
1879 4225 2106 4287 missas
2137 4243 2274 4287 esse
2303 4223 2450 4305 (vid.
2475 4226 2512 4302 ἓ
2534 4224 2643 4305 42)
2678 4241 2712 4285 e
2737 4221 2968 4284 Timaeo

752 4334 1047 4412 cognovit
1102 4332 1443 4395 scholiasta
1498 4330 1938 4412 Lycophronis
1994 4351 2052 4393 v,
2105 4332 2272 4392 1155
2332 4330 2433 4411 (of.
2480 4330 2739 4391 Tzetzae
2794 4316 2965 4389 schol·
