3200 5050
1132 408 1571 469 —35'——

232 597 458 689 γὸρειοι
520 597 611 689 μὴ
676 594 841 666 εἶναι
902 594 1063 688 πρὸς
1117 595 1367 673 πάντας
1428 597 1644 664 πάντα
1706 595 1878 690 ῥητά,
1940 593 2021 674 ὥς
2085 617 2277 687 φησιν
2337 594 2472 687 Ἄρι-

234 705 522 788 στὸξενος
573 707 643 774 ἐν
696 706 925 798 δεκάτῃ
980 710 1403 774 παιδευτικῶν
1456 702 1690 789 νόμων.
1751 703 1915 772 ἔνθα
1971 710 2076 771 καὶ
2118 703 2474 790 Ξενόφιλον

231 811 340 880 τὰν
387 810 858 901 Πυθαγορικόν,
914 811 1404 903 ἐρωτηθέντα
1458 819 1616 887 πῶς
1663 807 1750 877 ἂν
1792 810 2126 894 μάλιστα
2180 807 2292 877 τὸν
2337 807 2476 878 υἱὸν

231 919 657 1006 παιδεύσειεν,
686 921 912 1006 εἰπεῖν,
942 921 1003 986 εἰ
1030 917 1280 995 πόλεως
1306 915 1776 1008 εὐνομουμένης
1804 923 2129 1008 γενηθείη·
2150 917 2377 994 ἄλλους
2403 942 2476 985 τε

232 1024 510 1104 πολλοὺς
561 1023 725 1094 κατὰ
766 1023 883 1116 τὴν
928 1029 1199 1096 Ἰταλίαν
1245 1023 1734 1115 ἀπεργάσασθαι
1785 1023 2010 1101 καλοίς
2055 1049 2126 1092 τε
2171 1030 2276 1092 καὶ
2336 1027 2474 1108 ἄγα-

231 1131 393 1211 θούς
430 1133 672 1222 ἄνδρας,
712 1131 871 1221 ἀτὰρ
905 1139 1008 1201 καὶ
1040 1131 1359 1202 Ζάλευκον
1394 1139 1499 1200 καὶ
1533 1131 1887 1220 Χαρώνδαν
1930 1128 2077 1208 τοὺς
2101 1139 2475 1217 νομοθέτας.

234 1246 414 1324 Quae
460 1245 850 1329 quicumque
908 1249 1122 1309 mente
1178 1263 1308 1308 non
1362 1249 1828 1329 praeoccupata
1881 1242 2363 1327 contemplatur,
2420 1243 2478 1308 is

234 1353 632 1418 enuntiatum
666 1347 892 1423 ἄλλους
916 1371 989 1414 τε
1020 1344 1299 1422 πολλοὺς
1328 1350 1452 1415 κτέ.
1486 1351 1566 1415 ob
1592 1352 1900 1416 orationis
1931 1351 2202 1414 formam
2237 1355 2411 1415 recte
2439 1372 2478 1415 a

232 1459 730 1540 Wyttenbachio
776 1458 925 1522 bibl.
966 1477 1051 1522 cr.
1090 1458 1252 1522 VIII
1302 1459 1427 1522 112
1476 1463 1541 1521 et
1583 1457 1834 1522 Rohdio
1881 1457 1919 1520 l.
1953 1456 1990 1520 l.
2083 1458 2474 1522 Aristoxeno

234 1567 588 1631 concedere
612 1565 803 1630 debet
832 1584 971 1630 esse
1007 1565 1421 1632 vindicatum.
1469 1565 1597 1629 Fac
1631 1565 1806 1628 enim
1824 1565 2122 1648 primitus
2151 1564 2216 1627 id
2251 1565 2478 1629 cohae-

234 1674 395 1737 sisse
424 1693 569 1737 cum
610 1672 705 1736 eis
742 1691 909 1755 quae
946 1672 1332 1755 praecedant
1360 1671 1773 1755 Peripatetici
1809 1672 2196 1736 memoriam.
2272 1671 2474 1749 Quam

233 1781 495 1844 inanem
544 1779 919 1863 compilator
963 1777 1241 1842 laborem
1302 1779 1660 1862 suscepisse
1707 1779 2030 1862 putandus
2087 1784 2270 1861 esset,
2329 1799 2474 1843 cum
2605 1795 2617 1810 ·

234 1887 583 1970 praeferret
628 1886 979 1950 orationem
1028 1885 1379 1968 obliquam!
1472 1886 1861 1950 Praesertim
1919 1905 2067 1950 cum
2111 1886 2276 1948 nihil
2321 1886 2478 1950 faci-

234 1994 360 2057 lius
416 1998 588 2058 esset
640 2012 833 2075 quam
886 1992 1081 2056 simul
1137 2011 1282 2057 cum
1340 1993 1656 2076 proximis
1711 1993 1955 2056 directa
1999 2012 2188 2075 quam
2246 1997 2479 2056 vocant

234 2100 300 2162 id
356 2099 605 2165 efferre.
706 2099 1145 2163 Nihilominus
1206 2119 1330 2163 usu
1392 2099 1632 2164 Laertii
1697 2101 2061 2164 examinato
2133 2100 2475 2164 videndum

236 2226 315 2270 an
364 2211 605 2271 temere
652 2205 729 2269 ab
768 2225 844 2270 eo
888 2206 1136 2270 formae
1172 2207 1313 2270 eius
1351 2205 1844 2270 confundantur.
1937 2207 2103 2272 Sane
2140 2206 2303 2269 nihil
2350 2207 2478 2270 huc

234 2314 485 2378 faciunt
540 2333 763 2378 eorum
820 2315 1100 2398 capitum
1170 2313 1464 2397 exempla
1528 2313 1766 2396 quibus
1827 2307 2008 2388 δόξαι
2064 2315 2479 2398 comprehen-

238 2421 478 2484 duntur
522 2426 635 2484 aut
682 2419 1179 2502 ἀποφθέγματα.
1273 2421 1405 2486 Ubi
1460 2441 1579 2485 cur
1635 2421 1861 2484 mixtio
1917 2421 2037 2484 fiat
2087 2421 2278 2485 facile
2338 2440 2480 2504 per-

236 2529 532 2611 spicitur3
583 2529 861 2594 directae
908 2530 1082 2593 enim
1138 2529 1445 2593 orationis
1501 2530 1850 2593 enuntiatis
1906 2529 2118 2592 ubivis
2163 2530 2479 2612 praefigas

238 2630 440 2699 ἐδόκει
488 2636 660 2722 αὐτῷ
706 2636 809 2701 vel
856 2636 1091 2719 αὐτοῖς,
1149 2636 1447 2718 obliquae
1492 2632 1620 2721 ἔφη
1674 2635 1778 2701 vel
1824 2634 2072 2715 λέγεται
2117 2633 2329 2699 εἰπεῖν
2376 2636 2478 2701 vel

243 2743 449 2808 simile
496 2743 758 2826 aliquid.
852 2743 945 2807 Cf.
983 2742 1045 2807 11
1093 2744 1195 2807 93.
1242 2742 1368 2807 VII
1406 2744 1509 2806 88.
1562 2744 1706 2807 126.
1754 2743 1854 2807 IX
1897 2746 1926 2806 1
1981 2742 2068 2822 (Χ
2111 2745 2260 2823 118)
2308 2748 2373 2807 et
2415 2744 2481 2808 Π

242 2850 339 2913 67.
392 2851 535 2913 129.
600 2850 695 2914 IV
744 2851 847 2913 22.
898 2852 998 2915 63.
1063 2850 1159 2913 VI
1205 2852 1307 2913 51.
1358 2852 1459 2915 60.
1524 2850 1654 2913 VH
1706 2852 1802 2914 18.
1918 2850 2100 2915 Idem
2156 2851 2480 2915 interdum

241 2957 453 3022 evenit
497 2958 930 3022 additamento
968 2958 1328 3038 interiecto;
1380 2958 1457 3022 cf.
1497 2958 1552 3019 V
1582 2959 1641 3020 3.
1679 2961 1738 3021 4.
1771 2958 1836 3021 Χ
1867 2958 1964 3021 10.
1998 2959 2075 3021 11
2114 2963 2179 3021 et
2206 2958 2480 3021 Useneri

240 3063 555 3147 Epicurea
598 3084 656 3147 p.
688 3062 932 3129 XXVI.
1024 3064 1121 3129 Ne
1157 3064 1250 3127 IV
1290 3066 1347 3129 8.
1398 3064 1437 3127 9
1486 3064 1748 3147 quidem
1793 3066 1863 3127 in
1900 3064 2020 3129 hac
2066 3082 2262 3128 causa
2285 3065 2480 3146 quic·

241 3190 427 3252 quam
475 3172 711 3254 valent,
755 3172 868 3235 ubi
919 3192 1066 3236 cum
1111 3172 1359 3235 nudum
1395 3165 1576 3251 λόγος
1622 3172 1754 3235 scil.
1794 3167 1929 3235 ἐστὶ
1974 3172 2316 3253 praecedat
2349 3190 2479 3233 non

243 3278 361 3341 fuit
406 3297 524 3343 cur
568 3280 760 3343 anxie
818 3283 1141 3343 teneretur
1196 3299 1324 3342 una
1378 3278 1684 3362 loquendi
1739 3280 1958 3360 forma,
2004 3296 2214 3360 neque
2260 3278 2325 3341 H
2374 3278 2478 3359 24,

242 3385 347 3448 ubi
408 3386 585 3449 nullo
642 3386 704 3448 id
759 3405 963 3469 genus
1021 3386 1215 3450 verbo
1274 3386 1692 3450 antecedente
1748 3386 2104 3469 iunguntur
2159 3371 2238 3469 ἧν
2291 3385 2480 3470 δημο-

242 3486 540 3577 κρατικός,
586 3486 779 3572 μόνος
826 3492 1399 3578 ἀποψηφίσασθαι,
1444 3484 1538 3576 μὴ
1582 3488 1893 3577 ἐθελῆσαι
1938 3492 2069 3556 scil.
2109 3485 2479 3576 ἀποδρᾶναι,

244 3591 434 3661 αὐτὸν
491 3594 860 3684 ἐπιπλῆξαι,
920 3591 1232 3683 αὐτάρκης
1290 3584 1391 3683 ἧν;
1450 3599 1529 3663 cf.
1576 3598 1702 3663 VII
1750 3600 1806 3662 6.
1859 3600 1957 3661 16.
2054 3597 2249 3662 Nobis
2310 3600 2478 3662 enim

247 3704 378 3770 loco
443 3725 603 3789 opus
668 3712 779 3787 est,
844 3706 947 3771 cui
1021 3707 1479 3789 praepositum'
1516 3707 1602 3769 sit
1664 3724 1899 3769 nomen
1966 3706 2243 3769 auctoris
2305 3708 2480 3769 certi.

247 3810 556 3896 Exempla
602 3812 760 3877 haec
805 3819 981 3877 sunt:
1054 3814 1222 3876 vitae
1268 3812 1664 3895 Epimenidis
1708 3811 1741 3875 1
1793 3814 1917 3875 115
1971 3806 2369 3892 Θεόπομπος
2413 3808 2482 3876 ἐν

247 3925 369 3989 τοῖς
420 3922 813 3998 θαυμασίοις
880 3920 939 4001 a)
986 3911 1555 3992 κατασκευάζοντος
1617 3910 1817 3981 αὐτοῦ
1878 3912 1953 3981 τὸ
2007 3922 2132 3981 τῶν
2187 3923 2483 4000 Νυμφῶν

248 4016 409 4107 ἱερὸν
472 4027 731 4113 ῥαγῆναι
790 4019 1007 4110 φωνὴν
1068 4021 1141 4101 ἐξ
1201 4017 1490 4109 οὐρανοῦ.
1582 4026 1969 4111 Ἐπιμενίδη,
2030 4018 2122 4109 μὴ
2189 4029 2484 4106 Νυμφῶν

250 4123 403 4194 ἀλλὰ
446 4128 614 4203 Διός.
709 4132 770 4213 b)
818 4136 1022 4218 Κρησί
1060 4152 1133 4195 τε
1180 4140 1523 4218 προειπεῖν
1566 4124 1684 4216 τὴν
1715 4132 2243 4213 Λακεδαιμονίων
2290 4115 2484 4217 ἧτταν

250 4228 373 4299 ὑπὸ
438 4232 749 4325 Ἀρκάδων,
814 4233 1118 4323 καθάπερ
1172 4242 1575 4324 προείρηται·
1640 4241 1747 4302 καὶ
1811 4233 1888 4323 δὴ
1945 4240 2050 4303 καὶ
2104 4232 2483 4325 ἐλήφθησαν

251 4338 403 4430 πρὸς
457 4347 825 4433 Ὀρχομενῷ.
919 4346 985 4431 c)
1032 4350 1304 4433 γηρᾶσαί
1351 4366 1423 4409 τε
1478 4342 1547 4409 ἐν
1592 4340 1929 4418 τοσαύταις
1975 4340 2237 4433 ἡμέραις
2291 4340 2484 4410 αὐτὸν

2094 4467 2162 4521 3*
