3200 5050
1134 441 1220 452 ..
1314 359 1597 468 172..

238 601 351 665 das
425 603 963 686 paragraphorum
1032 621 1195 684 quae
1268 607 1619 684 sequantur
1689 607 2153 686 argumentum.
2271 603 2474 666 Immo

236 728 495 791 prorsus
552 709 805 773 diversa
855 709 991 772 illic
1050 711 1318 791 spectari
1377 729 1566 791 quam
1623 709 1954 773 celerrime
2017 711 2471 775 sententiarum

238 835 489 879 summa
545 815 813 879 collecta
867 835 1339 898 cognoscemus.
1434 817 1612 893 Quae
1670 836 1782 900 per
1838 822 2138 899 quattuor
2191 818 2476 900 dispersa

238 928 336 988 est
381 927 590 1005 partes
636 922 776 987 has:
826 941 1083 1006 operam
1130 941 1269 988 esse
1316 923 1674 987 navandam
1722 924 2094 988 hominibus
2150 930 2223 988 ut
2269 926 2478 989 sciant

240 1050 367 1112 qua
410 1029 691 1092 maxime
734 1030 984 1093 ratione
1029 1030 1297 1094 aliorum
1346 1030 1694 1094 cuiuslibet
1737 1031 2119 1096 commercio
2169 1032 2252 1094 sit
2291 1035 2476 1094 uten-

238 1137 419 1216 dum3
469 1137 505 1220 ἓ
550 1137 674 1199 180
722 1127 886 1200 εἶναι
930 1129 1047 1222 γὰρ
1092 1136 1172 1200 ad
1212 1140 1251 1217 ἓ
1299 1138 1419 1200 181
1473 1130 1829 1223 εὖεργέταςς
1879 1138 2138 1201 omnino
2186 1138 2476 1201 homines

238 1264 368 1307 non
424 1245 716 1326 ignorare
776 1243 1006 1308 debere
1064 1243 1218 1326 quid
1272 1245 1342 1307 in
1401 1263 1653 1326 quaque
1709 1261 1796 1308 re·
1835 1239 2140 1329 εὐκαίρως
2201 1245 2278 1308 ab
2326 1245 2476 1327 ipsis

235 1351 367 1432 fiat,
434 1351 587 1432 quid
658 1343 951 1436 ἅκαίρως;
1020 1352 1057 1432 ξ
1100 1354 1217 1415 181
1280 1351 1359 1414 ad
1414 1344 1786 1428 ε’ντεύξεων;
1852 1371 2043 1433 quam
2107 1351 2474 1415 facultatem

240 1458 705 1539 quadamtenus
770 1459 1118 1540 comparari
1184 1477 1371 1540 posse
1436 1457 1772 1538 discendo;
1840 1477 2044 1540 usque
2114 1458 2193 1521 ad
2251 1459 2288 1540 ξ
2354 1459 2474 1521 182

235 1559 575 1651 ὐπάρχειν;
636 1566 747 1647 qui
803 1570 1014 1629 autem
1068 1569 1241 1628 recte
1295 1567 1388 1628 uti
1444 1567 1535 1650 τῷ
1587 1567 1784 1650 καιρῷ
1838 1563 2147 1641 didicerit,
2210 1584 2356 1629 eum
2413 1565 2477 1627 id

240 1691 495 1754 quoque
543 1673 706 1736 scire
754 1672 906 1754 quid
953 1673 1081 1735 sint
1124 1664 1163 1756 ἡ
1212 1663 1359 1757 ὥρα,
1407 1665 1481 1735 τὰ
1526 1677 1799 1755 πρέπον,
1847 1665 1922 1734 τὸ
1969 1665 2297 1758 ἁρμόττον,
2357 1673 2479 1735 alia

239 1779 525 1842 eiusdem
580 1778 833 1862 speciei,
890 1770 929 1864 ἡ
976 1772 1161 1864 ἀρχή
1220 1799 1424 1862 usque
1482 1779 1561 1842 ad
1620 1781 1656 1861 ξ
1709 1781 1832 1844 183
1901 1771 2205 1865 ἀληθινῆς
2271 1772 2477 1865 ἀρχῆς.

238 1884 446 1949 Nudis
491 1887 814 1970 scriptoris
860 1887 1193 1950 sententiis
1227 1881 1565 1969 propositis
1615 1887 1768 1968 quid
1815 1887 1898 1950 sit
1933 1879 2091 1972 ἀρχὴ
2137 1887 2326 1971 paulo
2375 1907 2479 1951 ac-

239 1994 557 2058 curatiore
602 1993 937 2077 expediam
981 1995 1409 2075 inquisitione.
1501 1993 1577 2056 In
1627 2013 1754 2075 qua
1803 1994 2149 2076 plurimum
2197 1994 2478 2057 tribuen-

238 2100 391 2164 dum
454 2107 553 2164 est
604 2101 816 2166 verbis
878 2104 915 2182 ἓ
969 2102 1089 2165 183
1150 2101 1353 2165 hisce:
1427 2094 1709 2186 μεγάλην
1773 2091 1938 2164 εἶναι
2001 2093 2310 2186 διαφορὰν
2373 2102 2478 2162 καὶ

236 2199 463 2287 σχεδὸν
514 2210 668 2295 περὶ
724 2201 874 2272 ὅλου
930 2227 1001 2270 τε
1056 2210 1163 2270 καὶ
1218 2201 1458 2279 παντὸς
1510 2201 1620 2270 τὸν
1675 2208 1964 2270 κίνδυνον
2016 2212 2306 2287 γίνεσθαι
2377 2201 2478 2292 μὴ

236 2314 669 2401 ληφθείσης
716 2307 961 2400 ὀρθῶς
1006 2317 1136 2400 τῆς
1184 2309 1439 2401 ἀρχῆς·
1484 2307 1671 2378 οὐδὲν
1716 2309 1830 2400 γὰρ
1878 2308 1958 2387 ὡς
2006 2308 2222 2386 ἁπλῶς
2268 2311 2480 2378 εἰπεῖν

238 2419 334 2486 ἔτι
377 2425 505 2484 τῶν
548 2417 720 2502 μετὰ
763 2427 967 2486 ταῦτα
1013 2416 1179 2502 ὑγιὲς
1221 2424 1513 2502 γίνεσθαι
1559 2414 1973 2508 ἀγνοηθείσης
2017 2415 2128 2506 τὴς
2175 2415 2480 2508 ἄληθινῐτς

240 2524 447 2616 ἀρχῆς.
542 2531 744 2607 Quam
812 2552 1021 2615 saepe,
1086 2538 1159 2595 ut
1220 2531 1343 2595 hoc
1412 2536 1569 2613 utar,
1636 2531 2048 2599 observamus
2113 2533 2336 2613 quanti
2400 2532 2481 2595 sit

238 2639 541 2701 momenti
589 2638 907 2723 philologo
957 2640 1195 2721 aliquid
1243 2640 1744 2722 pervestigatum
1800 2638 1878 2701 ab
1936 2638 2168 2701 idonea
2209 2658 2279 2701 re
2338 2639 2478 2702 fieri

236 2746 507 2809 initium.
596 2746 780 2811 Idem
825 2765 977 2810 vero
1014 2748 1083 2809 in
1121 2747 1291 2809 omni
1340 2746 1511 2809 valet
1544 2732 1870 2833 ἐπιστήμῃ
1913 2764 1985 2807 τε
2025 2746 2130 2807 καὶ
2175 2740 2480 2830 ἐμπειρίᾳ

234 2853 343 2915 καὶ
402 2847 473 2915 ἒν
524 2856 775 2933 γενέσει,
832 2854 1111 2937 denique
1168 2855 1235 2915 in
1289 2852 1481 2917 rebus
1538 2852 1852 2934 omnibuS,
1909 2853 2142 2935 quippe
2190 2871 2354 2934 quae
2413 2862 2483 2915 ut

236 2964 411 3023 recte
458 2965 729 3043 agantur
771 2964 1049 3025 maxime
1097 2960 1418 3024 efficiatur
1462 2951 1830 3043 εὐκαιρίᾳ.
1925 2958 2092 3035 Quid
2133 2954 2202 3021 ἐν
2245 2963 2482 3038 γενέσει

238 3072 321 3129 sit
366 3058 525 3152 ἀρχὴ
572 3072 635 3130 et
678 3060 889 3151 καιρὸς
924 3072 1146 3149 postea
1184 3065 1445 3130 videbis,
1537 3066 1806 3127 Tantum
1843 3071 2018 3147 patet
2053 3070 2304 3148 tempus
2342 3084 2480 3131 esse

237 3172 742 3256 intellegendum
789 3193 827 3235 a
873 3193 1000 3255 quo
1048 3172 1387 3237 exordium
1432 3173 1570 3235 eius
1618 3190 1845 3253 capere
1893 3178 2190 3256 oporteat.

418 3279 845 3343 Subsistamus
875 3279 1210 3362 paulisper.
1270 3279 1751 3343 Demonstrasse
1782 3280 1952 3343 enim
1982 3280 2134 3343 satis
2161 3298 2480 3363 superque

235 3388 365 3450 iam
387 3387 607 3449 videor
631 3386 877 3450 nullam
904 3386 1094 3450 aliam
1125 3387 1204 3449 ad
1227 3405 1361 3451 rem
1382 3388 1700 3470 pertinere
1731 3386 2225 3469 disputationem
2237 3388 2482 3451 Aristo-

235 3496 391 3558 xeni
439 3495 563 3557 nisi
584 3574 587 3579 ,
611 3494 690 3557 ad
735 3487 968 3579 καιρόν.
1061 3494 1247 3570 Quod
1293 3495 1487 3577 igitur
1521 3493 1922 3558 Jamblichus
1970 3494 2048 3557 de
2094 3496 2274 3577 χρείᾳ
2321 3487 2482 3578 πρὸς

236 3598 459 3686 ἕτερον
504 3600 700 3664 verba
743 3601 883 3664 fieri
934 3601 1273 3664 arbitratus
1322 3607 1433 3681 est,
1479 3602 1544 3663 id
1589 3601 2030 3683 neglegentiae
2087 3602 2222 3663 eius
2283 3600 2480 3663 tribu-

236 3707 477 3773 endum
514 3726 716 3789 paene
751 3706 1140 3785 incredibili3
1192 3712 1262 3769 ut
1298 3708 1469 3771 enim
1502 3708 1622 3771 ista
1659 3708 2043 3792 praefigeret
2079 3708 2230 3770 satis
2261 3707 2483 3769 habuit

237 3814 651 3897 conspexisse
706 3814 901 3877 verba
954 3815 1158 3898 prima
1214 3805 1377 3877 εἶναι
1429 3808 1545 3900 γὰρ
1600 3807 1790 3876 κατὰ
1833 3807 1965 3886 τὰς
2023 3806 2326 3892 ὁμιλίας
2370 3806 2481 3875 τὰν

234 3920 358 4002 μὲν
413 3915 720 4005 εὔκαιρον,
775 3914 888 3983 τὸν
940 3919 1010 3983 δὲ
1068 3917 1341 4006 ἄκαιρον.
1434 3922 1499 3985 Si
1548 3922 1720 3985 enim
1777 3921 2028 4004 longius
2072 3922 2484 4004 processisset
2557 3916 2562 3921 ’

237 4028 412 4093 illius
468 4028 804 4109 fragmenti
860 4029 1116 4091 omnino
1173 4028 1421 4091 nullum
1478 4047 1617 4093 esse
1681 4027 1892 4091 locum
1958 4028 2221 4091 vidisset
2275 4030 2341 4091 in
2407 4048 2481 4091 eo

238 4134 447 4216 capite
494 4133 666 4215 quod
710 4134 846 4217 ipse
895 4134 1178 4198 condidit
1222 4136 1375 4219 περὶ
1422 4129 1830 4219 δικαιοσύνης.

420 4240 555 4304 Nos
602 4242 731 4303 iam
780 4259 908 4303 non
952 4240 1251 4304 fallimur.
1345 4240 1549 4305 Omisi
1595 4261 1788 4326 supra
1825 4261 2130 4323 quaerere
2179 4262 2304 4324 quo
2343 4243 2482 4304 vin-

239 4348 388 4409 culo
422 4371 426 4377 ·
456 4352 745 4410 extrema
803 4346 996 4410 verba
1066 4350 1101 4428 ξ
1155 4350 1278 4411 183
1344 4341 1456 4410 τὸν
1520 4341 1716 4411 αὐτὸν
1779 4348 1849 4411 δὲ
1913 4340 2080 4411 εἶναι
2123 4343 2306 4428 λόγον
2351 4348 2481 4412 κτλ.

2130 4507 2161 4560 2
