3200 5050
1130 383 1567 443 -41-

260 575 623 659 Profligatur
668 597 859 641 causa
904 596 979 640 ea
1024 595 1112 651 re,
1160 575 1333 658 quod
1376 575 1553 639 nullo
1591 576 1733 640 1060
1774 577 1971 640 altero
2010 577 2148 660 ipsa
2184 578 2468 659 genuina

259 681 643 766 Peripatetici
704 704 835 747 non
900 682 1088 746 modo
1144 683 1339 746 verba
1400 682 1730 762 nonnulla,
1801 702 2029 747 verum
2085 684 2277 748 etiam
2336 687 2468 745 tota

260 790 562 852 enuntiata
618 797 747 853 tam
814 795 1111 853 accurate
1158 793 1309 852 sunt
1354 807 1673 872 expressa.
1767 788 1972 865 Quam
2019 789 2098 853 ob
2143 808 2281 853 rem
2328 789 2467 852 sine

258 895 373 958 ulla
432 897 808 960 difficultate
877 898 967 958 ita
1031 897 1305 978 putarim
1372 915 1559 978 posse
1608 896 2104 959 controversiam
2153 896 2468 978 componi,

260 1007 321 1064 ut
376 1008 691 1066 auctorem
747 1004 1016 1066 Antonii
1078 1002 1241 1064 nihil
1304 1002 1433 1065 nisi
1499 1002 1693 1066 verba
1759 1021 1794 1065 e
1860 1005 2009 1086 Βίῳ,
2071 1021 2260 1084 quem
2328 1003 2467 1085 ipse

258 1115 424 1172 antea
495 1110 965 1192 compilaverat,
1024 1111 1344 1192 recepisse
1414 1109 1702 1172 dicamus
1768 1114 2029 1191 propter
2092 1108 2467 1173 brevitatem

258 1216 679 1296 commodiora,
710 1216 1001 1280 ordinem
1030 1217 1401 1280 universum
1435 1234 1721 1279 servasse
1745 1208 2162 1296 Ἄποφάσεων.
2224 1217 2472 1279 Aristo-

256 1339 407 1384 xeno
466 1342 612 1386 vero
674 1324 974 1405 quoniam
1022 1342 1215 1385 unam
1274 1327 1444 1386 certe
1492 1323 1875 1386 sententiam
1922 1322 2470 1404 Pythagoreorum

258 1427 483 1492 duobus
529 1431 783 1512 scriptis
831 1430 1142 1502 tractavit,
1187 1429 1230 1492 J
1232 1429 1417 1492 ambi.
1460 1430 1496 1510 ξ
1539 1430 1666 1492 100
1715 1436 1779 1492 et
1828 1430 1982 1508 1743
2031 1429 2146 1493 sed
2177 1429 2255 1493 cf.
2278 1430 2471 1492 etiam

258 1535 291 1613 ξ
337 1536 449 1598 163
497 1543 560 1600 et
614 1536 784 1603 Stob.
831 1536 993 1599 Flor.
1041 1536 1077 1598 I
1122 1538 1201 1599 71
1225 1535 1291 1617 ¹),
1355 1556 1508 1599 num
1578 1536 1736 1617 quid
1797 1536 2065 1620 impedit
2129 1537 2471 1617 quominus

255 1641 377 1721 pari
420 1662 607 1707 curae
641 1643 842 1706 fuisse
892 1642 1188 1706 credatur
1235 1643 1483 1706 celebre
1533 1647 1943 1726 praeceptum
1981 1635 2186 1724 φυτὸν
2231 1634 2471 1727 ἥμερον

253 1739 335 1830 μὴ
359 1742 659 1829 βλάπτειν
694 1749 866 1812 xvia?
960 1749 1124 1812 Nam
1159 1751 1231 1811 in
1256 1743 1632 1830 Ἄποφάσεσι
1676 1750 1820 1814 fuse
1858 1749 2113 1813 videtur
2150 1768 2471 1813 commen-

256 1853 501 1937 davisse,
563 1857 631 1918 in
675 1859 807 1940 Βίῳ
853 1856 1029 1919 6111111
1085 1875 1231 1920 61116
1278 1856 1611 1920 moliretur
1655 1893 1739 1900 —
1789 1855 1943 1939 quid
1999 1857 2167 1920 enim
2217 1875 2470 1938 quaque

256 1959 369 2024 diei
430 1963 582 2026 hora
624 1964 748 2025 viri
797 1964 1079 2046 egissent
1124 1963 1509 2044 depingebat
1555 1999 1639 2008 —
1687 1963 2149 2045 praetereundo
2195 1963 2471 2026 inseruit

251 2074 370 2138 τοῖς
409 2072 521 2132 τοῦ
566 2063 1009 2154 πρεσβυτάτου
1056 2068 1555 2153 παραγγέλμασι,
1607 2070 1908 2133 carminis
1955 2070 2170 2132 instar.

415 2174 591 2239 Nihil
647 2177 848 2258 igitur
911 2177 1345 2257 sollicitamur,
1410 2176 1466 2238 si
1524 2177 1668 2258 quis
1733 2195 1879 2239 cum
1944 2176 2175 2239 Jambl.
2245 2177 2281 2257 ξ
2343 2177 2469 2238 165

254 2283 537 2347 contendi
572 2303 609 2348 e
646 2285 855 2366 capite
901 2284 1205 2348 inferiore
1249 2284 1469 2348 iubeat
1504 2283 1735 2367 Porph.
1774 2284 1878 2364 40,
1926 2283 2133 2350 Laert.
2175 2285 2278 2366 22,
2325 2303 2472 2347 cum

253 2389 324 2450 ad
370 2390 693 2453 arbitrium
738 2391 808 2453 id
854 2390 1245 2454 transfusum
1295 2409 1435 2454 esse
1479 2391 1550 2453 in
1597 2409 1707 2453 vas
1746 2390 2025 2453 alienum
2055 2391 2474 2454 demonstrari

254 2503 410 2562 certe
453 2507 745 2581 nequeat.
840 2497 1075 2562 Contra
1110 2499 1233 2562 hoc
1282 2517 1537 2580 quoque
1586 2517 1669 2563 ex
1707 2498 1803 2561 eis
1851 2503 1948 2562 est
1991 2516 2154 2580 quae
2194 2498 2472 2561 maxime

252 2607 490 2687 propria
526 2605 918 2690 Pythagorei
958 2606 1319 2689 cogitavere
1358 2626 1433 2669 66
1461 2610 1616 2668 nota
1645 2598 2022 2689 (παρηγγύα)
2055 2605 2473 2667 disertissime

254 2712 603 2795 designatur
646 2705 1085 2793 Ἀποφάσεων.

1320 2908 1377 2969 2.

416 3032 493 3095 111
540 3034 881 3096 summario
928 3033 1233 3096 inferiore
1300 3032 1367 3094 id
1414 3032 1856 3115 perturbatum
1903 3036 2000 3095 est
2045 3031 2122 3094 ab
2171 3031 2475 3095 alterutro

252 3140 661 3221 compilatore,
707 3144 781 3203 ut
826 3160 989 3222 quae
1036 3146 1357 3203 extremae
1406 3145 1623 3202 essent
1669 3138 2075 3202 collocandae
2121 3138 2476 3201 sententiae

250 3246 313 3307 in
358 3246 691 3309 exordium
736 3247 1245 3310 transferrentur.
1340 3246 1500 3310 Uter
1544 3245 1860 3307 mutavit?
2339 3314 2344 3317 ,

415 3352 560 3416 Non
612 3354 834 3436 procul
904 3352 981 3416 ab
1037 3354 1221 3415 initio
1287 3346 1700 3433 Ἅποφάσεων·
1741 3351 1980 3415 afuisse
2037 3350 2475 3433 compluribus

252 3477 327 3520 ex
370 3460 626 3523 indiciis
673 3459 903 3541 collegi
947 3460 1159 3541 ipsum
1196 3460 1624 3541 fragmentum
1661 3458 1820 3521 illud
1857 3458 2026 3540 quod
2060 3478 2093 3521 e
2125 3458 2166 3520 J
2170 3456 2470 3519 amblichi

253 3566 285 3644 ἓ
346 3568 467 3628 174
531 3567 717 3629 modo
782 3565 1202 3648 transscripsi.
1310 3564 1482 3628 Num
1556 3566 1756 3647 igitur
1819 3584 1972 3628 casu
2035 3564 2275 3627 factum
2335 3581 2476 3627 6666

251 3678 549 3755 putemus,
633 3678 703 3735 ut
764 3674 901 3755 ipso
962 3672 1280 3753 principio
1347 3673 1575 3753 capitis
1637 3672 1966 3735 inferioris
2029 3674 2475 3752 argumentum

252 3778 523 3843 eiusdem
586 3779 920 3861 fragminis
968 3779 1291 3841 Antonius
1346 3778 1752 3859 perhiberet?
1844 3778 2018 3840 Hinc
2065 3778 2300 3860 optime
2348 3776 2476 3839 dis·-

252 3884 407 3947 citur
452 3891 725 3967 quantus
770 3886 855 3947 sit
900 3886 1393 3947 summariorum
1437 3903 1622 3962 usus3
1671 3902 1882 3965 neque
1929 3888 2142 3945 tamen
2189 3903 2474 3964 unquam

417 4063 455 4127 ²)
492 4058 844 4129 Exemplum
880 4063 1123 4113 tertium
1160 4057 1495 4129 suppeditat
1530 4057 1817 4125 Laertius,
1857 4062 2022 4112 cuius
2059 4063 2122 4111 in
2150 4058 2320 4111 Vitae
2357 4061 2476 4128 epi-

249 4151 397 4201 toma
420 4149 568 4218 legis
597 4148 633 4217 ξ
658 4148 729 4200 20
754 4149 983 4221 μαντικῇ
1009 4166 1066 4199 τε
1094 4144 1289 4219 ἐχρῆτο
1319 4148 1382 4221 τῇ
1418 4141 1505 4198 διὰ
1535 4148 1640 4198 τῶν
1667 4144 1934 4215 κληδόνων
1969 4146 2095 4215 aaa,
2132 4150 2193 4198 in
2232 4144 2474 4199 Senten-

249 4238 447 4289 tiarum
476 4238 512 4305 §
540 4237 611 4289 24
647 4233 910 4307 μαντικὴν
940 4230 1044 4303 (οὗ)
1083 4236 1261 4290 πᾶσαν
1296 4236 1473 4307 τιμᾶν.
1547 4235 1860 4290 Verissime
1887 4238 2070 4302 igitur
2098 4233 2476 4287 Casaubonus

250 4316 304 4373 οὗ
338 4324 707 4379 inserendum
745 4340 869 4379 esse
905 4328 1286 4396 praesagivit:
1337 4340 1539 4377 revera
1574 4323 1835 4377 eiusdem
1869 4326 1980 4375 viri
2016 4323 2180 4377 locus
2214 4326 2475 4391 uterque.
