3200 5050
1160 1039 1460 1146 ,,ι·ἰ’ἶ“’ἔῗ”ῑ<
1486 1042 1579 1116 11⁴3
1619 1096 1645 1133 Γ

1112 1144 1155 1204 f
1339 1141 1410 1181 05
1441 1141 1560 1180 ΤΗΕ

1095 1207 1723 1414 Quamnam-r
1790 1196 1809 1293 g

1428 1317 1492 1348 (Ἆῖ
1751 1319 1785 1356 u?

1235 1357 1444 1424 affirm?
1464 1347 1663 1410 “sm-‘'2'‘
1729 1359 1746 1378 ‘³

1313 1434 1409 1456 «ιι-ἰ..

889 1511 1003 1574 De
1051 1511 1402 1576 Antonio
1452 1516 1534 1575 et
1577 1510 1917 1576 Laertio.

1377 1657 1430 1716 1.

461 1776 606 1841 Du'o
645 1783 797 1841 sunt
833 1783 1137 1861 excerpta
1182 1780 1248 1840 in
1281 1781 1415 1842 vita
1450 1779 1853 1862 Pythagorae
1900 1799 1941 1866 a
1967 1778 2325 1861 Porphyrio
2374 1797 2524 1841 con-

284 1886 523 1968 scripta
551 1904 712 1967 quae
742 1884 1050 1968 Diogenis
1076 1904 1214 1950 esse
1245 1885 1574 1949 cuiusdam
1610 1885 1931 1949 dicuntur.
2024 1885 2307 1962 Quorum
2346 1886 2524 1968 prius

289 1991 458 2073 quod
499 1993 535 2073 ξ
573 1992 652 2055 10
699 1992 886 2055 initio
933 1993 1164 2075 incipit
1209 1993 1592 2074 exquisitam
1633 1992 1824 2056 habet
1862 1993 2010 2055 libri
2041 1991 2523 2074 inscriptionem

283 2103 617 2178 Διογένους
670 2094 740 2162 ἐν
784 2107 917 2171 τοῖς
969 2091 1138 2184 ὑπὲρ
1189 2093 1442 2184 Θούλην
1490 2091 1798 2172 ἀπίστοις,
1863 2100 2197 2181 posteriUS,
2263 2099 2299 2178 ἓ
2348 2099 2430 2160 32
2445 2117 2525 2180 SS,

289 2207 568 2269 auctoris
621 2205 867 2268 nudum
913 2208 1096 2290 ponit
1139 2225 1374 2270 nomen
1421 2210 1736 2291 Διογένης,
1800 2213 2122 2287 tamquam
2168 2210 2386 2268 notum
2444 2205 2528 2266 sit

285 2313 665 2394 legentibus,
779 2310 966 2378 Unde
1044 2333 1246 2375 unum
1313 2313 1715 2394 eundemque
1787 2318 1850 2376 et
1908 2313 2144 2375 librum
2200 2317 2265 2375 et
2329 2311 2527 2394 scrip-

285 2424 486 2482 torem
562 2428 832 2502 utroque
907 2421 1248 2483 monstrari
1309 2421 1450 2483 loco
1517 2439 1780 2484 necesse
1839 2424 1937 2483 est
2020 2420 2276 2502 coHigat
2346 2437 2527 2482 mens

286 2546 414 2589 non
474 2533 955 2613 praeoccupata.
1050 2528 1239 2591 Prius
1296 2533 1508 2591 autem
1565 2527 1737 2609 quod
1794 2527 1933 2590 dixi
1992 2528 2298 2610 Diogenis
2360 2526 2527 2609 frag-

285 2639 572 2697 mentum
628 2635 1042 2718 paragraphis
1089 2634 1436 2718 Porphyrii
1497 2636 1577 2699 10
1628 2635 1707 2697 ad
1758 2636 1839 2697 14
1897 2633 2349 2717 comprehendi
2396 2654 2528 2696 non

288 2745 384 2805 est
448 2742 616 2824 quod
689 2742 908 2805 multis
973 2743 1416 2821 confirmetur3
1483 2743 1851 2825 posterioris
1914 2742 2079 2805 fines
2144 2760 2265 2805 nec
2338 2741 2528 2805 facile

286 2868 408 2913 nec
464 2849 747 2913 breviter
811 2850 1115 2913 constitui
1169 2855 1452 2933 possunt.
1564 2848 1913 2931 Quousque
1971 2850 2144 2913 enim
2200 2849 2527 2912 excurrit?

290 2956 510 3037 Usque
561 2956 640 3019 ad
686 2976 910 3020 vocem
959 2958 996 3038 ἓ
1039 2957 1122 3019 36
1173 2948 1617 3027 ἆπαλωτάτοις
1662 2957 1977 3040 progressi
2027 2955 2205 3019 nulla
2251 2955 2529 3019 difficul-

289 3065 417 3125 tate
447 3081 790 3125 vexamur:
839 3063 1071 3127 deinde
1111 3065 1276 3126 varii
1314 3064 1793 3126 subnascuntur
1829 3063 2132 3146 scrupuli.
2226 3054 2530 3144 Ἐβουθύ-

288 3184 484 3253 τησεν
528 3168 602 3229 δέ
643 3189 824 3251 ποτε,
863 3190 1120 3233 narrare
1167 3169 1378 3253 pergit
1411 3168 1829 3251 Porphyrius,
1877 3172 2205 3249 σταίτινον,
2248 3160 2327 3240 ὥς
2372 3185 2529 3249 φασι

284 3277 442 3356 βοῦν
468 3273 530 3337 οἱ
559 3266 999 3361 ἀκριβέστεροι,
1039 3268 1310 3361 ἐξευρὼν
1340 3278 1457 3337 τοῦ
1485 3274 1875 3360 ὀρθογωνίου
1910 3269 2027 3338 τᾶν
2066 3269 2531 3338 ὑποτείνουσαν

286 3379 424 3444 ἴσον
469 3382 826 3467 δυναμένην
870 3390 1009 3455 ταῖς
1053 3377 1510 3468 περιεχούσαις.
1599 3382 1891 3447 Haecine
1929 3402 2182 3465 quoque
2220 3382 2529 3465 Diogenis

286 3490 475 3551 sunt}>
569 3488 750 3571 Nego
801 3490 953 3571 quia
1000 3509 1162 3571 quae
1225 3490 1332 3554 hic
1397 3490 1719 3573 congessit
1777 3495 2152 3573 perpetuum
2211 3490 2533 3552 illustrant

288 3597 605 3659 rationum
654 3601 720 3659 et
762 3597 1199 3659 institutorum
1233 3616 1436 3678 usum,
1482 3596 1619 3659 illic
1664 3616 1767 3660 res
1819 3596 2016 3660 semel
2054 3596 2221 3660 facta
2257 3598 2526 3679 perscri-

287 3702 474 3765 bitur.
565 3702 664 3767 Ne
713 3705 749 3785 ἓ
798 3704 880 3765 35
932 3703 1191 3785 quidem
1241 3704 1515 3769 conferri
1562 3703 1716 3769 licet
1762 3710 2019 3787 propter
2058 3699 2333 3785 ἔφασκε.
2417 3704 2529 3767 Ni-

289 3810 654 3891 hilominuS,
721 3830 868 3873 cum
931 3810 1292 3893 Porphyrio
1361 3811 1641 3874 inserere
1706 3811 1965 3874 licuerit
2026 3810 2302 3873 frustula
2366 3831 2529 3892 quae

287 3915 482 3979 vellet
516 3915 748 3981 addere
787 3916 1045 3981 aliunde
1083 3919 1296 3999 petita,
1345 3918 1502 3980 nihi]
1548 3917 1800 3981 videtur
1836 3917 2148 4001 impedire
2188 3920 2531 3999 quominus

286 4029 432 4105 post
477 4024 599 4087 ista
645 4043 901 4087 narrare
949 4025 1107 4088 alter
1152 4044 1416 4108 pergere
1465 4025 1775 4089 credatur.
1870 4028 1958 4088 At
2012 4026 2193 4089 valde
2249 4027 2418 4089 inter
2463 4045 2531 4088 se

293 4130 556 4195 differre
603 4132 743 4194 eius
791 4150 954 4213 quae
999 4118 1303 4213 sequa-tur
1349 4132 1798 4215 disputationis
1848 4132 2087 4196 docebo
2135 4138 2361 4216 partes.

470 4237 722 4303 Genera
765 4244 1246 4322 praeceptorum
1295 4239 1420 4301 duo
1481 4259 1598 4302 nos
1660 4258 1798 4303 esse
1846 4240 2211 4322 cognituros
2269 4258 2532 4321 exspec-

287 4348 510 4424 tamuS‚
567 4344 682 4407 ubi
737 4343 1098 4407 audivimus
1166 4350 1522 4409 extremum
1583 4347 1622 4425 ξ
1679 4346 1762 4409 36
1829 4346 2227 4408 enuntiatum
2286 4338 2402 4407 ὅσα
2464 4366 2531 4425 γε

2181 4469 2206 4521 1
