3200 5050
1653 393 2094 460 -234—

753 581 1318 673 ἐπιτηδεύμασι
1380 588 1485 650 καὶ
1550 582 1624 650 ἐν
1683 595 1823 659 ταῖς
1885 581 2344 672 ἐπιστήμαις
2397 583 2612 668 ἔλεγον
2663 578 2851 652 εἶναι·
2913 579 2977 650 τὸ

752 687 867 778 γὰρ
886 687 1142 772 ἀγαπᾶν
1166 695 1271 758 καὶ
1292 699 1569 779 στέργειν
1594 695 1722 756 τῶν
1745 693 1954 756 καλῶν
1982 689 2184 758 ἐθῶν
2213 715 2292 758 τε
2322 697 2448 758 καὶ
2475 689 2978 779 ἐπιτηδευμά-

752 821 901 863 των
966 792 1303 885 ὑπάρχειν·
1366 793 1660 872 ὡσαύτως
1729 800 1802 864 δὲ
1855 803 1964 864 καὶ
2026 804 2154 864 τῶν
2216 796 2662 887 ἐπιστημῶν
2727 800 2810 865 δὲ
2863 803 2978 864 καὶ

752 902 1173 991 ἐμπειριῶν
1234 900 1346 980 τὰς
1396 901 1594 979 καλὰς
1636 909 1741 970 καὶ
1787 899 2179 992 εὗσχήμονας
2223 899 2480 992 ἀληθῶς
2525 899 2690 970 εἶναι
2733 902 2979 989 φιλοκά-

750 1012 913 1092 λους,
958 1006 1075 1099 τὴν
1120 1012 1191 1078 δὲ
1235 1015 1575 1101 λεγομένην
1625 1007 1756 1080 ὖπό
1799 1015 1926 1077 τῶν
1968 1012 2227 1078 πολλῶν
2261 1012 2649 1095 φιλοκαλίαν,
2681 1003 2819 1078 οἷον
2853 1009 2980 1098 (τὴν

751 1117 841 1198 ἐν)
908 1129 1038 1194 τοῖς
1102 1114 1454 1202 ἀναγκαίοις
1514 1124 1622 1186 καὶ
1684 1125 2010 1207 χρησίμοις
2065 1114 2229 1207 πρὸς
2295 1115 2406 1184 τὸν
2459 1125 2600 1204 βίον
2643 1127 2979 1206 γινομένην,

749 1222 1008 1314 λάφυρά
1040 1250 1171 1292 που
1208 1229 1320 1314 τῆς
1357 1222 1665 1315 ἀληθινῆς
1709 1232 1966 1293 κεῖσθαι
1999 1228 2386 1310 φιλοκαλίας.
2481 1228 2658 1305 Quae
2693 1230 2842 1293 fieri
2879 1249 2980 1312 po-

751 1341 875 1399 test
912 1341 983 1398 ut
1010 1337 1409 1420 prooemium
1438 1336 1682 1401 fuerint
1709 1338 2006 1420 copiosae
2035 1337 2476 1419 expositioniS,
2516 1337 2702 1400 cuius
2739 1355 2778 1400 e
2809 1341 2979 1419 parte

748 1443 1053 1506 inferiore
1108 1445 1221 1524 qui
1266 1450 1612 1526 supersunt
1656 1443 1920 1527 pannuli
1979 1443 2204 1525 exigui
2249 1443 2436 1506 modo
2485 1444 2774 1526 congesti
2821 1447 2978 1506 sunt

928 1549 1052 1614 Sed
1088 1549 1571 1632 progrediamur
1597 1551 1655 1614 si
1685 1551 1838 1614 licet
1871 1549 1952 1612 ad
1991 1549 2293 1629 firmiora,
2331 1548 2407 1613 ad
2442 1552 2596 1614 Βίον
2629 1549 2979 1613 redeuntes,

1838 1751 1878 1810 4

932 1871 986 1934 Ε
1034 1877 1167 1935 toto
1230 1871 1581 1934 Jamblichi
1627 1873 1834 1954 capite
1879 1869 2142 1934 XXVII
2189 1876 2440 1954 praeter
2485 1872 2522 1952 ἓ
2574 1871 2696 1934 127
2748 1877 2815 1934 et
2865 1871 2981 1934 128

746 1978 913 2040 nihil
956 1977 1214 2042 videtur
1278 1978 1670 2060 argumentis
1735 1977 1956 2041 saltem
2002 1978 2390 2042 Aristoxeno
2436 1977 2754 2040 vindicari
2801 1996 2980 2060 posse

744 2085 870 2147 nisi
920 2087 957 2166 ξ
1009 2085 1132 2148 129
1191 2086 1297 2148 καὶ
1354 2076 1471 2168 γὰρ
1525 2077 1758 2164 νόμους
1811 2078 2169 2164 ἐφύλαττον
2213 2084 2292 2146 ad
2342 2085 2380 2166 ξ
2432 2084 2558 2148 130
2622 2077 2980 2169 ἐχρήσαντο.

747 2191 887 2269 Qua
933 2173 1001 2254 in
1038 2210 1108 2255 re
1152 2212 1280 2255 non
1328 2193 1421 2254 ita
1468 2197 1652 2255 caute
1695 2191 1984 2255 Rohdius
2029 2193 2224 2254 nixus
2271 2197 2370 2254 est
2411 2191 2451 2254 l.
2471 2191 2512 2253 1.
2559 2210 2618 2274 p.
2657 2192 2741 2254 42
2783 2211 2980 2255 enun-

746 2300 901 2362 tiato
950 2300 987 2380 ξ
1041 2299 1163 2362 129
1210 2295 1496 2384 ιπολλῶν
1560 2297 1641 2360 ad
1703 2296 2046 2380 πολιτείας,
2111 2297 2283 2379 quod
2354 2301 2420 2360 in
2487 2297 2526 2380 g
2565 2298 2694 2360 249
2740 2297 2838 2360 illi
2881 2297 2981 2362 ad-

745 2406 981 2488 scripta
1025 2406 1306 2469 iteratur.
1398 2403 1625 2488 Neque
1677 2407 1858 2470 ‘enim
1905 2404 2173 2468 dubium
2219 2409 2331 2486 est,
2381 2405 2539 2486 quin
2583 2405 2982 2488 ineptissime

746 2513 895 2577 hinc
964 2511 1119 2577 illuc
1183 2514 1553 2577 translatum
1602 2513 1760 2595 sit.¹)
1853 2511 2062 2576 Causa
2106 2511 2497 2595 disceptatur
2541 2511 2754 2582 verbis
2801 2515 2982 2596 μέχρι

743 2617 922 2691 τινός.
1017 2619 1194 2696 Quae
1266 2639 1453 2683 suum
1528 2620 1738 2684 locum
1816 2626 2036 2683 tenent
2099 2621 2166 2682 in
2242 2620 2280 2701 ξ
2340 2620 2487 2701 249,
2559 2624 2781 2702 utpote
2863 2640 2982 2703 qua

745 2728 1051 2790 memoria
1096 2728 1579 2791 inimicitiarum
1612 2746 1758 2789 cum
1788 2726 2210 2809 Pythagoreis
2241 2732 2566 2809 gestarum
2595 2733 2982 2809 proponatur

744 2834 1073 2897 continua:
1122 2832 1183 2896 οἱ
1228 2826 1574 2897 Κυλώνειοι
1621 2832 2016 2896 διετέλουν
2062 2825 2224 2917 πρὸς
2254 2835 2743 2917 Πυθαγορείους
2771 2849 2980 2896 στασι-

743 2935 1019 3013 άζοντες·
1086 2932 1224 3002 ἀλλ’
1288 2932 1457 3020 ὅμως
1522 2934 1860 3026 ἐπεκράτει
1927 2944 2146 3023 μέχρι
2207 2932 2407 3011 τινὸς
2472 2931 2509 3025 ἡ
2564 2940 2692 3001 τῶν
2749 2944 2980 3005 Πυθα-

741 3049 999 3132 γορείων
1041 3039 1476 3126 καλοκάγαθία
1520 3097 1531 3109 .
1576 3100 1589 3113 .
1620 3098 1633 3109 .
1673 3045 1886 3118 τέλος
1932 3045 2002 3109 δὲ
2047 3043 2136 3117 εἰς
2171 3050 2472 3108 τοσοῦτον
2502 3040 2982 3129 ἐπεβούλευσαν

740 3162 873 3225 τοῖς
937 3146 1229 3240 ἀνδράσιν
1292 3153 1411 3217 κτεῖ
1508 3153 1686 3230 Quae
1755 3154 1972 3217 notavi
2039 3154 2230 3217 verba
2299 3173 2375 3217 ea
2429 3154 2644 3217 omnia
2698 3155 2873 3219 inter
2916 3174 2980 3217 se

740 3262 1153 3345 respondent3
1218 3263 1287 3325 in
1358 3263 1394 3346 g
1448 3263 1571 3326 129
1641 3282 1788 3325 cum
1835 3280 2000 3344 quae
2044 3261 2474 3343 respondeant
2518 3262 2746 3343 desint,
2793 3267 2979 3347 μέχρι

738 3362 905 3440 τινός
952 3370 1105 3451 quid
1153 3369 1273 3432 sibi
1321 3369 1479 3433 velit
1522 3369 1810 3452 intellegi
1857 3388 1986 3432 non
2034 3372 2254 3450 potest.

919 3475 1162 3552 Quodsi
1228 3476 1585 3558 principem
1650 3480 1972 3539 auctorem
2039 3493 2258 3538 earum
2320 3474 2599 3557 reperire
2665 3476 2977 3556 cupimus,

738 3584 1013 3666 primum
1065 3582 1325 3664 quidem
1371 3602 1496 3644 non
1550 3582 2084 3665 contemnendum
2133 3581 2302 3663 quod
2345 3575 2831 3666 ἐπιτηδεύματα
2877 3582 2978 3643 καὶ

742 3685 867 3775 ἔθη
913 3696 986 3753 ut
1030 3691 1096 3751 in
1147 3691 1184 3771 ξ
1240 3690 1362 3754 130
1408 3709 1466 3771 p.
1510 3689 1612 3769 94,
1655 3689 1757 3769 12,
1805 3689 1899 3752 sic
1947 3709 2074 3751 uno
2121 3693 2445 3770 tamquam
2491 3688 2720 3769 spiritu
2767 3688 2977 3751 effun-

740 3796 981 3858 duntur
1026 3797 1218 3859 etiam
1263 3796 1332 3858 in
1370 3795 1725 3877 fragmento
1765 3796 2156 3877 Aristoxeni,
2203 3795 2376 3878 quod
2412 3795 2600 3858 modo
2637 3800 2976 3858 tia-ctatum

740 3908 850 3984 est,
898 3902 1067 3966 Stob.
1113 3904 1275 3966 Flor.
1322 3904 1355 3966 I
1406 3904 1526 3965 101
1576 3902 1658 3965 Η.
1723 3894 1810 3963 τὸ·
1850 3894 1966 3987 γὰρ
2030 3896 2103 3981 ἇγ
2147 3905 2282 3965 πᾶν
2343 3904 2448 3965 καὶ
2511 3905 2790 3993 στέργειν
2854 3902 2977 3965 τῶν

737 4008 944 4071 καλῶν
998 4005 1172 4072 ἐθῶν
1223 4030 1294 4072 τε
1349 4010 1455 4070 καὶ
1518 4004 2046 4093 ἐπιτηδευμάτων
2107 4001 2434 4094 ἱπάρχειν.
2526 4008 2651 4073 Sed
2717 4009 2974 4073 maioris

738 4118 1045 4179 momenti
1091 4125 1241 4179 sunt
1284 4116 1523 4179 Laertii
1550 4116 1712 4179 VIII
1740 4119 1819 4179 15
1843 4135 1872 4178 s
1920 4109 2133 4195 ἔλεγόν
2177 4137 2248 4180 τε
2285 4118 2390 4179 καὶ
2427 4115 2487 4179 οἱ
2526 4112 2703 4178 ἄλλοι
2740 4119 2974 4180 Πυθα-

917 4346 960 4411 ¹)
997 4343 1068 4397 Id
1104 4344 1260 4415 quod
1295 4344 1388 4398 vel
1424 4348 1536 4415 ipsi
1571 4343 1613 4399 J
1616 4344 1905 4399 amblicho
1945 4345 2067 4398 dari
2104 4350 2311 4416 potest.
