3200 5050
1215 397 1655 460 „29-

292 593 546 672 δεῖγμα
612 591 957 658 succedere
1021 591 1286 656 iusseris
1350 593 1761 678 paragraphis
1828 593 1911 655 96
1976 592 2055 656 ad
2125 593 2279 674 100,
2346 592 2557 654 subito

291 699 657 782 intelleges
705 699 878 763 unde
927 699 1239 782 originem
1286 698 1548 763 duxerit
1593 699 1815 782 ecloga
1858 699 2192 762 Athenaei.

1416 898 1474 958 3.

500 1018 1048 1102 Paragraphorum
1100 1019 1224 1081 163
1256 1037 1336 1092 SS,
1393 1037 1552 1103 quas
1608 1019 1941 1083 sententiis
1988 1019 2399 1101 Peripatetici
2457 1035 2558 1081 re-

297 1126 517 1190 fertas
563 1144 702 1190 esse
748 1144 994 1188 summa
1041 1144 1190 1188 cum
1233 1125 1366 1188 fide
1413 1125 1725 1188 affirmari
1765 1133 1973 1208 potest
2018 1125 2373 1208 fragmento
2420 1125 2560 1187 eius

301 1231 564 1296 Anecd.
591 1231 789 1296 Paris,
835 1232 868 1295 I
911 1252 971 1315 p.
1007 1233 1131 1295 172
1182 1232 1408 1296 collato
1457 1232 1610 1311 (vid.
1657 1231 1881 1296 Rohde
1925 1232 1966 1296 l.
2000 1233 2036 1295 l.
2082 1252 2141 1315 p.
2191 1232 2275 1296 39
2324 1236 2388 1295 et
2432 1231 2561 1310 48),

304 1340 725 1404 entmtiatum
771 1339 1046 1422 primum
1102 1340 1173 1401 in
1219 1339 1448 1402 studiis
1503 1339 1700 1402 refert
1742 1338 2177 1420 Pythagoreos
2234 1355 2373 1402 esse
2418 1355 2561 1400 ver-

306 1450 490 1509 satos
545 1445 751 1510 hisce:
825 1447 952 1507 τῶν
1010 1440 1382 1531 ἐπιστημῶν
1444 1437 1560 1523 οὐχ
1621 1435 1844 1529 ἥκιστά
1906 1460 2064 1525 φασι
2126 1436 2272 1514 τούς
2330 1447 2560 1508 Πυθα-

305 1554 597 1636 γορείους
658 1554 850 1631 τιμᾶν
893 1545 1200 1636 μουσικήν
1264 1572 1335 1614 τε
1390 1553 1496 1616 καὶ
1551 1543 1838 1635 ἰατρικὴν
1880 1553 1987 1615 καὶ
2032 1543 2368 1634 μαντικήν·
2424 1565 2561 1613 σιω-

311 1651 569 1743 πηλοὺς
614 1651 685 1720 δὲ
732 1648 896 1722 εἶναι
941 1659 1046 1721 καὶ
1094 1650 1496 1729 ἀκουστικοὺς
1540 1659 1646 1721 καὶ
1692 1653 2103 1721 ἐπαινεῖσθαι
2147 1658 2309 1741 παρ’
2345 1656 2563 1728 αὐτοῖς

313 1759 433 1827 τὸν
495 1759 846 1845 δυνάμενον
909 1763 1186 1828 ἀκοῦσαι.
1279 1765 1399 1828 His
1465 1783 1547 1829 ex
1620 1764 1864 1828 artibus
1937 1765 2066 1846 uni,
2138 1766 2219 1850 τῇ
2292 1760 2560 1849 ἰατρικῇ,

314 1872 575 1953 qualem
643 1891 903 1954 operam
966 1871 1064 1935 illi
1123 1873 1521 1953 navaverint,
1604 1871 1943 1935 confestim
2003 1871 2307 1935 certiores
2367 1870 2562 1933 fimus

315 1978 534 2042 verbis
582 1978 869 2042 eiusdem
916 1979 1296 2062 paragraphi
1340 1978 1450 2062 τῆς
1496 1971 1567 2041 δὲ
1601 1975 1885 2063 Zammac
1920 1977 2001 2042 ad
2038 1969 2560 2062 ἀρρωστημάτων,

315 2105 484 2167 quae
548 2087 863 2149 iterantur
925 2086 963 2166 ξ
1010 2086 1160 2151 244.
1257 2084 1416 2147 Cum
1481 2104 1636 2149 vero
1700 2085 2077 2168 paragraphi
2129 2085 2255 2146 164
2318 2083 2429 2146 illa
2483 2083 2562 2147 de

316 2192 640 2255 medicina
719 2191 1034 2274 expositio
1112 2191 1358 2255 duabus
1423 2191 1729 2256 brevibus
1794 2192 2155 2274 excipiatur
2227 2191 2561 2254 sententiis

319 2317 502 2380 quae,
569 2297 682 2361 ubi
728 2317 765 2362 e
814 2299 893 2381 ξς
944 2299 1070 2360 110
1119 2303 1182 2362 et
1234 2302 1353 2361 111
1407 2299 1575 2361 sicut
1628 2317 1745 2382 par
1789 2302 1888 2362 est
1930 2297 2259 2380 suppletae
2305 2302 2456 2360 sunt
2500 2301 2565 2360 et

318 2410 561 2483 auctae,
607 2404 870 2487 plenum
899 2405 1435 2468 circumscribunt
1465 2408 1660 2487 caput
1688 2405 1841 2489 περὶ
1870 2406 2173 2488 μουσικῆς
2211 2403 2563 2467 inscriben-

324 2511 493 2592 dum,
566 2531 782 2575 nonne
847 2531 1038 2594 quem
1103 2510 1181 2574 ad
1246 2511 1448 2576 finem
1513 2510 1794 2594 primum
1858 2511 1895 2593 ξ
1966 2511 2089 2574 163
2158 2492 2562 2575 enuntiatum

318 2618 687 2700 praefixum
751 2619 835 2681 sit
890 2619 1104 2701 patet?
1193 2619 1448 2682 Iudicat
1504 2636 1671 2700 quae
1725 2619 2037 2702 proximis
2092 2616 2408 2700 capitibus
2461 2636 2563 2681 res

318 2724 689 2789 tractandae
753 2725 898 2787 sint.
1007 2724 1131 2788 Sed
1191 2744 1229 2787 a
1289 2744 1415 2807 quo
1475 2724 1737 2789 homine
1807 2725 2195 2807 compositus
2278 2728 2375 2788 est
2454 2723 2562 2787 hic

319 2831 561 2894 index?
652 2831 943 2894 Primum
1013 2831 1273 2913 quidem
1339 2836 1588 2895 constat
1641 2850 1772 2894 non
1816 2830 2166 2895 Jamblichi
2212 2849 2359 2893 eum
2406 2848 2562 2911 esse,

321 2937 436 3019 qui
498 2938 554 3001 si
613 2942 836 3001 auctor
894 2937 1140 3019 fuisset,
1205 2937 1284 3001 de
1344 2957 1472 3001 uno
1529 2937 1784 3001 locutus
1832 2943 2000 3001 esset
2043 2936 2432 3019 Pythagora3
2483 2936 2562 3000 cf.

321 3045 361 3125 g
413 3044 557 3106 196.
605 3045 735 3107 230
781 3043 858 3107 al.
951 3043 1154 3107 Multo
1201 3050 1415 3108 autem
1463 3044 1723 3127 gravius
1771 3049 2215 3126 argumentum
2253 3047 2349 3106 est
2393 3042 2561 3126 quod

319 3149 491 3232 apud
558 3169 708 3213 eum
773 3151 843 3213 in
908 3150 1216 3233 proximis
1279 3150 1442 3212 nihil
1507 3150 1679 3233 quod
1744 3149 1824 3213 ad
1886 3142 2195 3233 μαντικήν
2249 3150 2564 3232 pertineat

318 3255 572 3338 legitur.
681 3255 1196 3320 Nicomachusne
1279 3257 1479 3339 igitur
1559 3257 1674 3337 qui
1736 3256 2110 3319 Aristoxeni
2192 3255 2562 3319 memoriam

318 3361 684 3426 Jamblicho
737 3362 997 3425 tradidit
1057 3363 1158 3444 (cf.
1213 3363 1407 3426 huius
1472 3364 1509 3444 ἓ
1558 3362 1687 3425 233
1757 3368 1915 3426 extr.
1964 3381 2111 3425 cum
2174 3362 2406 3445 Porph.
2456 3362 2563 3441 59)

319 3470 716 3551 prooemium
765 3469 1089 3533 confecit?
1181 3468 1280 3533 Ne
1318 3471 1375 3532 is
1414 3469 1692 3550 quidem.
1731 3470 2099 3532 Audiantur
2137 3468 2333 3533 verba
2370 3469 2407 3549 ξ
2437 3469 2561 3532 164

321 3574 426 3652 (cf.
465 3576 502 3657 ξ
549 3576 723 3657 110);
771 3567 1229 3657 ὑπελάμβανον
1274 3572 1346 3638 δὲ
1389 3577 1495 3638 καὶ
1538 3567 1675 3659 τὴν
1718 3568 2088 3660 μουσικὴν
2131 3569 2375 3655 μεγάλα
2412 3590 2563 3654 συμ-

319 3675 676 3764 βάλλεσθαι
721 3674 912 3766 πρὸς
958 3674 1080 3760 ὖγε
1097 3685 1236 3747 ίαν.
1327 3682 1411 3745 Et
1446 3682 1548 3745 his
1585 3687 1651 3745 et
1686 3682 2165 3746 Anecdotorum
2201 3682 2563 3745 testimonio

324 3787 497 3870 quod
544 3789 1031 3852 commemoravi
1085 3788 1556 3852 demonstratur
1598 3790 1691 3851 ita
1738 3808 1842 3853 res
1889 3790 2349 3852 Aristoxenum
2398 3788 2564 3852 ordi-

321 3895 578 3959 navisse
636 3899 708 3956 ut
760 3897 972 3978 priore
1028 3896 1168 3959 loco
1226 3894 1306 3958 de
1362 3895 1685 3959 medicina
1738 3895 2021 3976 referret,
2077 3896 2424 3977 posteriore
2485 3895 2563 3959 de

321 4003 585 4066 musica.
677 4000 1108 4066 Nicomachus
1153 4002 1352 4085 igitur
1397 4003 1453 4063 si
1515 4002 1868 4066 confecisse
1914 4001 2196 4065 indicem
2243 4001 2564 4083 putandus

323 4114 510 4190 esset,
555 4110 646 4172 ita
693 4114 1211 4191 exspectaremus
1256 4128 1392 4172 rem
1440 4108 1518 4171 ab
1567 4127 1645 4171 eo
1684 4128 1823 4173 esse
1869 4114 2128 4191 gestam,
2178 4113 2247 4171 ut
2282 4108 2565 4190 amplum

322 4222 518 4298 caput
560 4214 896 4299 pervolans
942 4220 1190 4279 notaret
1237 4215 1693 4297 colligeretque
1740 4233 1932 4278 voces
1988 4233 2095 4278 eas
2141 4214 2377 4296 quibus
2435 4215 2565 4277 sin-

319 4322 615 4405 gularum
679 4322 956 4405 partium
1027 4326 1402 4403 argumenta
1475 4321 1978 4404 designarentur.
2091 4320 2299 4396 Quare
2373 4320 2565 4401 illico,
2662 4322 2667 4329 '
