3200 5050
1653 382 2044 443 -2-

725 567 854 661 μὴν
899 584 1030 648 τοῖς
1077 581 1409 659 προσιοῦσι
1457 577 1781 657 διελέγετο,
1836 573 1878 663 ἤ
1918 578 2351 653 διεξοδικῶς
2398 570 2435 664 ἢ
2495 577 3016 661 συμβολικῶς

723 679 1010 770 παρῄνει.
1101 685 1200 747 Ac
1238 703 1306 748 re
1354 703 1506 748 vera
1541 686 1609 747 in
1658 684 1817 748 duas
1864 705 1939 748 ea
1976 705 2140 767 quae
2178 687 2535 750 succedunt
2571 686 2784 750 divisa
2826 692 3013 750 sunt

722 795 948 873 parteS,
1015 811 1283 873 quarum
1349 792 1677 874 superiore
1737 792 1886 874 quid
1953 791 2097 855 fuse
2162 792 2578 877 philosophus
2644 795 3005 856 monuerit

723 901 961 981 exponi
1008 917 1092 962 ex
1130 905 1347 982 aperta
1382 919 1597 963 rerum
1636 899 2043 982 simplicitate
2082 900 2308 982 discas,
2357 900 2647 964 inferiori
2685 920 2772 964 ne
2816 901 3001 982 quid.

723 1005 1136 1069 dubitationis
1163 1005 1563 1088 relinquatur
1603 1007 1763 1070 haec
1810 1007 2255 1090 praefiguntur
2300 1012 2336 1087 ξ
2369 1009 2449 1071 41
2485 1008 2645 1072 med.
2686 1003 2873 1087 ἔλεγε
2914 1008 3003 1070 δέ

721 1135 860 1175 τινα
888 1115 1015 1176 καὶ
1042 1114 1326 1198 μυστικῷ
1361 1108 1580 1198 τρόπῳ
1621 1112 2106 1195 συμβολικῶς.
2172 1115 2290 1178 Illa
2319 1115 2518 1197 igitur
2549 1117 2992 1198 comprehen-

723 1221 817 1282 dit
845 1222 923 1302 ἓξ
955 1222 1038 1284 38
1070 1221 1150 1284 ad
1179 1222 1260 1284 41
1293 1221 1476 1303 med,
1524 1222 1683 1284 haec
1714 1224 1787 1301 ἐξ
1829 1221 1979 1286 inde
2017 1221 2094 1284 ab
2142 1223 2225 1284 41
2276 1222 2440 1288 med.
2487 1241 2691 1304 usque
2738 1223 2825 1285 ad
2868 1224 2985 1285 45.

723 1327 881 1404 Quis
930 1329 1264 1410 utriusque
1311 1333 1534 1392 auctor
1577 1329 1777 1392 fuerit
1822 1329 2273 1410 quaerendum.

899 1435 1044 1498 Erv.
1092 1435 1315 1499 Rohde
1365 1435 1642 1516 (Griech.
1690 1433 1899 1499 Εοῐῑι.2
1945 1457 2003 1518 p.
2054 1437 2182 1499 274
2204 1439 2270 1518 n)
2334 1435 2612 1520 Diogeni
2666 1441 2980 1500 neutram

723 1543 1056 1624 concessit,
1103 1547 1549 1626 argumentum
1599 1543 1751 1624 quia
1794 1563 1925 1606 non
1964 1543 2219 1607 caderet
2263 1545 2333 1606 in
2372 1545 2711 1608 consilium
2760 1545 2979 1626 scrip-

720 1650 876 1711 toris
946 1651 1086 1712 eius
1153 1650 1262 1730 qui
1328 1649 1728 1732 Pythagorae
1797 1642 1913 1736 τὴν
1968 1642 2122 1712 καθ’
2171 1641 2413 1734 ἡμέραν
2460 1644 2832 1730 διαγωγῶν
2884 1687 2969 1696 ——-

726 1756 849 1818 vid.
900 1758 936 1838 ἓ
977 1757 1059 1820 32
1111 1794 1185 1803 —
1243 1756 1587 1839 depingere
1636 1757 1760 1819 sibi
1806 1758 2252 1840 proposuisset.
2348 1760 2433 1822 At
2462 1759 2671 1820 virum
2702 1759 2971 1821 doctum

718 1865 886 1946 fugit
932 1863 1240 1946 Diogenis
1294 1864 1500 1947 ipsius
1566 1865 1965 1928 enuntiatum
2025 1866 2301 1947 primum
2348 1863 2391 1948 ἓ
2440 1866 2521 1928 32
2570 1867 2662 1930 in.
2756 1857 2969 1928 ἅπασι

716 1969 836 2049 μὲν
910 1964 1310 2055 παρηγγύα
1384 1969 1753 2050 φιλοτιμίαν
1825 1964 2083 2050 φεύγειν
2146 1972 2252 2032 καὶ
2318 1970 2702 2052 φιλοδοξίαν,
2780 1964 2966 2056 ὥπερ

715 2072 992 2157 μάλιστα
1038 2070 1286 2156 φθόνον
1339 2069 1731 2160 ἐργάζεσθαι,
1798 2072 2227 2162 ἐκτρέπεσθαι
2292 2076 2362 2139 δὲ
2425 2071 2537 2148 τὰς
2600 2071 2768 2158 μετὰ
2834 2081 2962 2140 τῶν

717 2183 975 2246 πολλῶν
1039 2176 1286 2263 ὁμιλίας
1347 2189 1410 2246 et
1471 2183 1675 2246 forma
1739 2188 1803 2246 et
1856 2189 2229 2266 argumento
2279 2186 2756 2249 accuratissime
2804 2205 2958 2248 con-

717 2310 945 2373 gruere
1016 2310 1159 2354 cum
1224 2291 1582 2372 praeceptis
1638 2291 1733 2353 eis
1790 2309 1953 2371 quae
2019 2290 2171 2354 inde
2219 2311 2255 2353 a
2303 2292 2341 2371 ἓ
2390 2292 2473 2354 38
2523 2293 2955 2375 proferantur-3

719 2398 888 2461 sicut
962 2398 1133 2460 enim
1207 2396 1343 2460 illic
1415 2401 1823 2481 παραινέσεις
1900 2396 2063 2460 duae
2138 2397 2465 2461 subiectae
2538 2403 2691 2462 sunt
2762 2397 2953 2460 verbo

716 2497 1064 2589 παρηγγύα,
1111 2505 1204 2566 ita
1244 2503 1351 2567 hic
1398 2505 1651 2587 saepius
1698 2503 1935 2587 legitur
1979 2497 2269 2590 παρῄνει,
2320 2505 2356 2585 ξ
2406 2505 2509 2582 38,
2558 2506 2661 2587 39,
2706 2506 2809 2586 41,
2857 2524 2951 2568 se-

715 2612 843 2675 mel
907 2611 1174 2675 alterum
1232 2612 1444 2693 ipsum
1487 2613 1553 2673 in
1607 2613 1643 2692 §
1691 2611 1793 2673 40.
1890 2612 2038 2675 Alia
2083 2613 2281 2694 igitur
2325 2611 2801 2695 procedendum
2846 2614 2951 2675 via

717 2720 988 2793 videtur,
1037 2739 1163 2800 qua
1209 2718 1671 2782 diiudicaturos
1718 2737 1856 2781 esse
1905 2738 2165 2782 causam
2211 2738 2328 2782 nos
2374 2738 2722 2802 speremus.

895 2826 1249 2907 Sanequam
1299 2825 1685 2888 multifariae
1734 2826 2001 2905 originis
2048 2830 2197 2888 sunt
2245 2827 2325 2907 ἓξ
2371 2829 2447 2889 41
2506 2826 2667 2889 med.
2715 2827 2793 2889 ad
2844 2828 2943 2902 45,

717 2933 866 2996 licet
927 2952 1098 2995 unus
1143 2932 1440 2995 videatur
1484 2931 1863 2999 Aristoteles
1926 2937 2147 2996 auctor
2192 2932 2324 2996 dici
2372 2934 2408 3013 ξ
2446 2934 2553 2996 41.
2645 2932 2741 2996 De
2791 2934 2825 3013 ξ
2861 2935 2941 2995 42

717 3039 828 3102 diu
865 3039 945 3101 lis
985 3039 1210 3120 fuerat,
1242 3058 1386 3101 cum
1419 3057 1629 3120 nuper
1656 3038 1722 3101 O.
1743 3037 1954 3102 Hoelk
1985 3038 2441 3122 Androcydem
2471 3045 2868 3122 personatum
2890 3039 2939 3123 ¹)

895 3182 936 3243 1)
975 3178 1160 3243 Quam
1218 3178 1556 3232 brevissime
1613 3178 1903 3231 adnotabo
1942 3194 2045 3231 cur
2082 3195 2217 3232 cum
2252 3176 2710 3233 Frendenthalio
2746 3178 2937 3245 (Pauly

716 3300 780 3307 —
821 3267 914 3322 W.
954 3266 1026 3321 R.
1065 3266 1131 3319 E.
1170 3266 1204 3319 Ι
1239 3284 1294 3337 p.
1332 3267 1492 3335 2150)
1550 3271 1651 3337 qui
1688 3267 2123 3337 Pythagoreum
2159 3266 2326 3321 illum
2364 3266 2611 3321 credidit
2647 3266 2939 3339 Tryphone

713 3360 1094 3426 grammatico
1141 3360 1295 3409 certe
1333 3360 1711 3409 vetustiorem
1769 3356 2122 3409 dissentiam.
2198 3354 2333 3410 Duo
2380 3356 2777 3425 distinguendi
2810 3361 2937 3409 sunt

713 3446 870 3499 illius
919 3448 1172 3499 nominis
1226 3448 1339 3497 viri
1391 3461 1640 3515 quorum
1696 3444 1857 3513 alter,
1930 3448 2030 3514 qui
2084 3444 2155 3504 de
2211 3445 2491 3515 symbolis
2544 3444 2933 3515 Pythagoricis

714 3538 1010 3606 scripsisse
1063 3533 1252 3589 fertur
1289 3552 1322 3587 a
1360 3532 1669 3605 Tryphone
1724 3534 1851 3605 περὶ
1907 3528 2118 3607 τρόπων
2154 3534 2255 3587 ΙΙ[
2290 3552 2343 3605 p.
2388 3535 2489 3587 193
2527 3551 2555 3587 s
2593 3532 2705 3605 sp„
2752 3534 2929 3589 Theol.

715 3624 963 3676 Arithm.
1011 3640 1066 3693 p.
1105 3623 1176 3675 40
1229 3622 1298 3676 A.
1339 3621 1492 3689 alibi,
1550 3621 1647 3689 (cf.
1686 3622 1847 3675 Holk
1900 3640 1953 3693 p.
1994 3623 2105 3691 40),
2143 3622 2555 3693 Pythagoreus
2610 3622 2928 3694 appellatur,

715 3713 860 3766 alter
913 3712 1173 3766 medicus
1227 3716 1327 3781 qui
1383 3712 1454 3766 de
1509 3711 1769 3765 cavenda
1826 3712 2104 3766 ebrietate
2141 3716 2373 3782 scripsit
2408 3712 2729 3766 secundum
2764 3712 2928 3767 Theo-

712 3802 938 3873 phrasti
977 3801 1048 3855 de
1084 3801 1221 3855 hist.
1259 3801 1336 3871 pl.
1366 3800 1452 3855 IV
1491 3800 1575 3869 16,
1596 3800 1631 3853 6
1670 3805 1731 3853 et
1749 3798 2014 3853 Clearchi
2032 3800 2285 3855 Solensis
2305 3800 2462 3871 apud
2480 3800 2840 3857 Athenaeum
2852 3800 2927 3856 VI

712 3909 766 3961 p.
779 3890 884 3944 258
902 3890 954 3943 B
973 3893 1322 3943 testimonia.
1361 3889 1478 3943 Hic
1497 3895 1710 3957 autem,
1738 3894 1837 3959 qui
1866 3907 1939 3943 ex
1957 3907 2117 3944 more
2142 3889 2359 3944 saeculi
2377 3894 2568 3959 quarti
2595 3890 2925 3945 medicorum

713 3984 902 4033 ionica
932 3978 1176 4033 dialecto
1214 3996 1355 4033 usus
1392 3995 1518 4033 esse
1545 3978 1717 4032 facile
1756 3978 2011 4032 creditur
2039 3978 2296 4044 (v.H61k
2314 3995 2369 4048 p.
2391 3979 2501 4048 43),
2538 3996 2657 4033 non
2687 3978 2923 4033 diversus

711 4068 892 4123 fuisse
910 4068 1144 4122 videtur
1174 4069 1245 4123 ab
1265 4085 1332 4123 eo
1351 4072 1447 4138 qui
1471 4067 1543 4121 ad
1561 4068 1959 4121 Alexandrum
1978 4066 2262 4135 Magnum
2292 4067 2363 4121 de
2387 4068 2665 4121 ebrietate
2694 4072 2921 4139 scripsit;

711 4157 786 4213 cf.
823 4157 973 4211 Plin.
1010 4156 1142 4213 Nat.
1182 4158 1319 4211 hist.
1357 4156 1493 4211 XIV
1535 4156 1585 4226 5,
1626 4156 1711 4210 58.
1784 4156 1937 4211 Nam
1983 4156 2292 4227 epistulam
2340 4156 2572 4227 quidem
2610 4157 2683 4210 ab
2721 4174 2783 4211 eo
2816 4161 2920 4226 regi

711 4264 836 4301 esse
861 4247 1096 4302 missam
1124 4264 1158 4301 e
1185 4246 1359 4299 Plinii
1387 4246 1580 4299 verbis
1610 4246 1821 4315 (‚‚quod
1840 4246 1909 4299 A.
1930 4249 2217 4317 sapientia
2242 4245 2431 4299 clarus
2458 4244 2532 4299 ad
2550 4244 2919 4299 Alexandrum

711 4335 993 4406 Magnum
1015 4338 1302 4407 scripsit“)
1332 4352 1449 4389 non
1480 4339 1639 4389 recte
1663 4335 1761 4390 ille
1789 4334 2075 4389 conclusit
2102 4354 2153 4407 p.
2177 4336 2263 4388 42.
2336 4334 2549 4388 Medici
2570 4339 2631 4389 et
2655 4351 2851 4388 nomen
2868 4339 2919 4388 et
