3200 5050
1556 352 1986 415 ..16-

648 549 871 613 videor
937 555 1083 614 ante
1147 550 1263 612 has
1330 568 1406 612 ea
1465 550 1813 632 praecipue
1857 549 2060 614 fuisse
2107 568 2272 631 quae
2324 549 2402 630 ἐξ
2454 550 2580 612 174
2625 547 2708 612 ad
2759 550 2880 612 176

518 749 521 752 Α
642 657 887 739 profert
929 657 970 720 J
976 656 1333 720 amblichus
1381 657 1519 739 ipsa
1566 675 1823 737 quoque
1861 657 2177 719 universa.
2269 655 2723 720 Recedendum
2763 657 2882 738 igi-

647 769 752 827 tur
799 784 873 827 eo
923 769 1032 826 est.
1123 763 1164 827 J
1170 783 1355 826 amne
1406 764 1734 826 consecuti
1783 781 2008 825 sumus
2055 762 2202 825 libri
2249 763 2630 825 exordium?
2708 761 2884 838 Quae

646 878 797 933 sunt
841 870 1037 934 verba
1079 871 1327 953 prima?
1426 862 1520 932 Τὸ
1567 868 1966 932 διανοεῖσθαι
2011 869 2164 953 περὶ
2209 869 2320 930 τοὶ
2369 872 2575 948 θείου,
2625 862 2708 941 ὡς
2755 865 2885 932 ἔστι

644 1000 714 1042 τε
780 1000 886 1041 και
949 971 1110 1063 πρὸς
1175 969 1250 1039 τὸ
1298 970 1704 1061 ἀνθρώπινον
1749 981 1922 1055 γένος
1967 968 2166 1046 οὕτως
2211 971 2341 1055 ἔχει
2387 969 2468 1048 ὡς
2512 972 2886 1059 ἐπιβλέπειν

645 1088 751 1148 καὶ
808 1078 897 1171 μὴ
964 1077 1282 1170 ὀλιγωρεῖν
1348 1077 1561 1163 αυτοῖ,
1627 1077 1933 1167 χρήσιμον
1979 1075 2142 1146 εἶναι
2186 1078 2646 1166 ὑπελάμβανον
2691 1085 2755 1158 (J
2759 1104 2886 1146 am

647 1193 901 1258 blichus
962 1192 1209 1255 addidit
1263 1192 1418 1275 παρ’
1482 1188 1723 1254 εκείνου
1769 1185 2130 1270 μαθόντες).
2231 1191 2488 1253 δεῖσθαι
2545 1183 2662 1276 γὰρ
2726 1184 2888 1271 ’ἡμᾶς

646 1296 1051 1368 ἐπιστατείας
1122 1293 1441 1383 τοιαύτης,
1524 1279 1560 1384 ᾖ
1632 1291 1795 1359 κατὰ
1865 1297 2066 1382 μηδὲν
2137 1290 2453 1382 ἀνταίρειν
2523 1290 2884 1378 ἀξιώσομεν,

646 1427 951 1490 τοιαυτην
1013 1404 1083 1467 δὲ
1147 1397 1310 1467 εἶναι
1373 1397 1489 1488 τὴν
1545 1397 1676 1467 ὑπὸ
1721 1407 1836 1466 τοῦ
1881 1407 2072 1468 θείου
2118 1409 2603 1490 γινομένην..
2696 1405 2887 1470 Plura

647 1514 913 1577 fortasse
962 1513 1274 1594 descripsi
1322 1532 1513 1593 quam
1563 1531 1727 1594 quae
1777 1531 1936 1595 opus
1981 1519 2134 1574 sunt
2176 1517 2251 1575 ut
2295 1531 2372 1576 ea
2409 1533 2538 1576 non
2575 1512 2884 1595 refragari

648 1621 1059 1702 intellegatur
1106 1621 1459 1684 sententiae
1508 1638 1699 1700 quam
1731 1619 1920 1681 modo
1951 1619 2186 1701 protuli
2215 1620 2627 1704 probavique.
2701 1618 2885 1682 Unde

650 1729 819 1790 enim
869 1729 1078 1810 aptius
1114 1728 1331 1809 ¹potuit
1375 1726 1550 1788 illius
1582 1725 1756 1789 modi
1789 1726 2116 1789 doctrinae
2146 1725 2480 1790 exordium
2509 1727 2658 1789 fieri
2699 1745 2885 1808 quam

650 1855 685 1896 a
741 1834 879 1897 deis
939 1849 1192 1916 semper
1255 1832 1541 1896 colendis
1607 1853 1681 1896 ac
1739 1833 2209 1916 respiciendis?
2313 1832 2608 1915 Magnam
2677 1839 2888 1896 autem

652 1960 909 2024 operam
956 1959 1225 2004 navasse
1272 1942 1735 2017 Aristoxenum
1780 1946 1854 2012 ut
1899 1959 2092 2022 quam
2137 1942 2374 2024 optime
2414 1959 2579 2022 quae
2619 1939 2889 2005 dicenda

650 2053 863 2113 essent
926 2053 1336 2131 componeret
1402 2047 1545 2130 plus
1608 2067 1733 2110 uno
1801 2047 1988 2110 licuit
2051 2047 2384 2110 ostendere
2453 2046 2751 2131 exemplo
2816 2066 2887 2109 ac

652 2155 885 2219 licebit.

1743 2262 1802 2324 2.

830 2369 989 2434 Cum
1042 2368 1389 2432 Jamblichi
1436 2369 1516 2450 ἓξ
1569 2368 1694 2432 180
1752 2368 1831 2431 ad
1884 2369 2027 2449 183,
2084 2387 2352 2450 quarum
2411 2369 2612 2430 oratio
2669 2367 2888 2430 eadem

657 2481 753 2540 est
781 2481 971 2559 atque
1002 2467 1422 2559 Ἅποφάσεων,
1449 2475 1527 2539 de
1556 2475 1849 2538 doctrina
1883 2475 2109 2539 morali
2145 2475 2459 2539 referatur
2494 2494 2625 2538 non
2656 2473 2891 2556 Pytha—

650 2603 841 2666 gorae
899 2584 1009 2647 sed
1034 2582 1625 2665 Pythagoreorum,
1681 2583 2056 2646 Aristoxeni
2113 2584 2267 2664 quin
2329 2584 2422 2645 eis
2479 2582 2891 2664 comprehen-

652 2692 839 2754 datur
891 2691 1321 2773 fragmentum
1377 2709 1567 2753 nemo
1626 2690 1970 2769 dubitabit3
2037 2690 2116 2753 cf.
2162 2688 2386 2753 Rohde
2443 2691 2512 2751 in
2573 2688 2730 2751 Mus,
2776 2687 2889 2751 Rh.

654 2799 758 2875 27,
806 2798 889 2860 49
921 2817 967 2860 s.
1062 2797 1258 2861 Porro
1306 2797 1499 2860 velim
1547 2796 1836 2859 attendas
1875 2801 2113 2878 quanta
2157 2797 2242 2859 sit
2276 2794 2628 2861 similitudo
2677 2794 2892 2876 §18st

657 2906 778 2968 181
821 2907 905 2967 in.
973 2912 1036 2968 et
1100 2906 1136 2985 ἓ
1196 2906 1324 2968 205
1390 2904 1638 2985 Jambl.‚
1705 2922 1972 2985 quorum
2038 2903 2325 2967 locorum
2390 2910 2662 2984 utroque
2729 2899 2892 2986 εἴδη

653 3014 925 3095 scriptor
969 3012 1105 3076 sive
1152 3004 1400 3091 ὁμιλίας
1446 3011 1582 3075 sive
1629 3005 1989 3088 ἐπιθυμίας
2033 3014 2392 3093 pertractat.
2485 3008 2655 3085 Quin
2703 3009 2890 3073 etiam

653 3122 807 3203 ipsis
871 3119 1078 3183 verbis
1135 3118 1407 3202 singulis
1456 3119 1493 3200 ἓ
1545 3120 1663 3182 181
1719 3117 1882 3182 med.
1950 3108 2114 3180 εἶναι
2177 3116 2248 3179 δὲ
2310 3115 2672 3200 ποικίλην
2726 3108 2894 3179 τινὰ

652 3229 775 3290 καὶ
798 3226 1173 3289 πολυειδῗ
1218 3217 1335 3308 τὴν
1361 3228 1479 3287 ‘coi
1501 3228 1725 3309 καιροῦ
1748 3228 1966 3310 χρείαν
2004 3245 2148 3288 cum
2177 3224 2348 3289 Stob.
2380 3223 2544 3289 Flor.
2581 3224 2680 3303 10,
2715 3223 2798 3287 66
2831 3223 2895 3286 Η

653 3326 817 3398 εἶναι
851 3327 925 3396 τὸ
963 3327 1180 3403 πάθος
1216 3336 1406 3395 τοῦτο
1443 3330 1803 3395 ποικίλον
1839 3334 1963 3395 καὶ
2000 3329 2657 3394 πολυειδέστατον
2703 3329 2896 3394 colla-

654 3443 735 3505 tis
794 3442 937 3523 quis
995 3460 1124 3503 non
1183 3440 1361 3504 videt
1414 3444 1759 3521 utrumque
1815 3438 2024 3502 locum
2075 3438 2365 3502 eiusdem
2425 3438 2704 3500 hominis
2750 3437 2894 3501 stilo

655 3567 791 3611 esse
840 3548 1212 3611 exaratum?
1296 3546 1757 3610 Verumtamen
1793 3550 2012 3609 utrum
2048 3565 2250 3608 unum
2289 3546 2372 3607 sit
2406 3546 2694 3627 fragmen
2736 3543 2896 3607 illud

656 3675 737 3717 an
785 3654 1399 3718 conferruminatum
1446 3672 1481 3716 e
1529 3652 1966 3735 compluribus
2002 3651 2335 3735 particulis
2381 3650 2738 3714 minoribus
2783 3650 2898 3713 du-

655 3760 796 3824 bius
823 3761 1089 3824 fortasse
1123 3760 1383 3824 haereas
1411 3759 1752 3843 paulisper,
1790 3760 2163 3842 praesertim
2203 3778 2348 3823 cum
2386 3758 2594 3821 bonus
2627 3758 2673 3822 J
2673 3758 2897 3822 ambli-

656 3870 815 3931 chus
879 3868 1112 3931 erroris
1179 3872 1402 3931 auctor
1464 3869 1668 3949 possit
1723 3885 1860 3930 esse
1917 3866 2090 3929 haud
2147 3865 2383 3948 exigui.
2475 3864 2667 3928 Erres
2723 3867 2898 3928 enim

654 3975 958 4058 profect0‚
1007 3974 1063 4035 si
1110 3976 1249 4037 eius
1295 3975 1620 4057 prooemio
1670 3976 1732 4056 (ξ
1785 3974 1934 4052 180)
1979 3969 2127 4036 ἐπεὶ
2174 3971 2245 4035 δὲ
2290 3973 2394 4035 καὶ
2439 3967 2518 4035 ἐν
2572 3975 2662 4057 τῇ
2707 3966 2900 4057 πρὸς

657 4078 919 4166 ἕτερον
972 4084 1189 4167 χρεία
1246 4077 1380 4144 ἔστι
1433 4103 1525 4152 τις
1582 4074 1941 4165 δικαιοσύνη
2006 4074 2331 4162 (meminit
2385 4080 2556 4143 enim
2612 4080 2901 4144 Platonis

655 4189 833 4271 Reip.
880 4188 946 4253 II
991 4209 1049 4272 p.
1099 4192 1222 4253 371
1278 4193 1436 4252 extr.
1486 4190 1662 4273 seq.),
1708 4189 1813 4251 καὶ
1856 4182 2092 4273 ταύτης
2135 4179 2424 4249 τοιοῦτον
2463 4180 2607 4249 Ιτινα
2655 4181 2901 4272 τρόπον

655 4294 903 4374 λέγεται
947 4288 1081 4357 ὑπὸ
1125 4299 1252 4358 τῶν
1296 4297 1764 4381 Πυθαγορείων
1809 4294 2291 4379 παραδίδοσθαι
2344 4292 2701 4377 significari
2763 4314 2902 4378 cre-
