3200 5050
1587 395 2037 458 ...42-

693 591 1192 670 fragmentorum
1265 591 1550 672 ipsorum
1614 609 1755 655 esse
1820 590 2328 654 obliviscendum
2384 590 2577 654 simul
2646 591 2949 656 discitur.

693 698 968 781 Egregie
1011 715 1130 760 nos
1177 697 1426 760 adiuvit
1469 699 1811 778 AntoniuS,
1874 715 2261 780 quamquam
2306 716 2389 762 ne
2436 717 2512 762 ea
2556 697 2820 780 quidem
2866 716 2949 760 re

693 805 838 887 plus
883 803 1076 866 habet
1119 805 1376 886 gratiae,
1425 803 1595 885 quod
1642 806 1706 868 ei
1752 805 1949 866 artior
1992 809 2090 867 est
2120 823 2264 868 cum
2297 805 2684 868 Aristoxeno
2712 822 2949 868 neces-

693 910 906 974 situdo
958 929 1147 991 quam
1195 910 1256 973 01
1289 909 1536 973 1101111111
1559 911 1747 973 cuius
1776 909 2034 974 libellus
2064 911 2134 972 in
2166 929 2394 973 manus
2422 910 2653 974 incidit
2679 909 2946 973 Laertii.

875 1017 1003 1080 Hic
1077 1017 1247 1079 enim
1327 1018 1700 1080 memoriam
1773 1016 2085 1080 librorum
2146 1019 2395 1099 accepit
2466 1037 2505 1079 a
2572 1017 2947 1080 fraudatore

695 1124 1005 1206 quodam3
1053 1123 1182 1186 vid..
1228 1122 1554 1187 Dielesius
1597 1122 1757 1205 quid
1804 1123 2043 1187 dixerit
2086 1125 2155 1186 in
2202 1124 2395 1187 Arch.
2443 1123 2543 1188 HI
2588 1125 2736 1188 457.
2782 1117 2944 1189 2167.

693 1233 776 1293 47
786 1231 855 1309 03
921 1234 1146 1292 contra
1189 1230 1515 1292 Antonius
1583 1249 1801 1293 nonne
1864 1249 1975 1294 eos
2033 1229 2265 1312 legisse
2311 1230 2449 1312 ipse
2496 1229 2750 1293 videtur
2794 1229 2945 1292 coll.

696 1337 928 1420 Porph.
977 1337 1014 1417 ξ
1065 1337 1148 1399 10
1194 1337 1350 1420 φησὶ
1411 1328 1492 1421 δὴ
1538 1330 1934 1420 Μντῗσαρχον
1987 1328 2317 1420 Τυρρηνὸν
2362 1331 2515 1398 ὄντα
2560 1329 2723 1408 κατὰ
2766 1340 2947 1414 γένος

693 1447 820 1507 τῶν
865 1446 1134 1528 Λῆμνον
1177 1445 1284 1506 καὶ
1327 1438 1580 1528 Ἴμβρον
1625 1445 1731 1506 καὶ
1770 1443 2012 1528 Σκῦρον
2056 1438 2561 1529 κατοικησάντων
2595 1446 2947 1528 Τυρρηνῶν

695 1572 844 1615 011111
907 1550 1147 1614 Laertii
1200 1549 1365 1612 Vm
1416 1552 1446 1611 1
1515 1541 1600 1621 ὥς
1665 1542 2102 1636 Ἀριστόξενος,
2180 1542 2503 1636 Τυρρηνὸς
2563 1548 2687 1613 xcxi.
2745 1555 2945 1631 atque

695 1659 736 1739 ἓ
787 1657 866 1720 12
932 1657 1040 1718 καὶ
1106 1647 1269 1741 πρὸς
1327 1650 1620 1741 Ζάρατον
1679 1652 1940 1738 ἀφίκετο
2004 1677 2154 1721 011111
2202 1657 2545 1742 Hippolyti
2593 1656 2826 1721 Philos.
2874 1658 2943 1737 2,

701 1765 781 1826 12
845 1762 965 1826 1).Ρ
1056 1762 1460 1828 Intercedam
1534 1763 1836 1845 equidem
1899 1763 2099 1826 nimia
2168 1769 2377 1827 motus
2444 1763 2945 1826 summariorum

694 1869 1135 1933 similitudine.
1227 1869 1306 1931 In
1369 1874 1717 1952 utrumque
1782 1874 1847 1933 et
1890 1872 2041 1941 Βίος
2098 1876 2162 1934 et
2223 1863 2614 1950 Ἀποφάσεις
2660 1873 2946 1933 coartata

701 1983 869 2058 sunt,
915 1978 985 2038 in
1033 1981 1376 2057 utrumque
1421 1977 1529 2057 ita,
1577 1982 1650 2039 ut
1696 1978 1973 2058 epitoma
2018 1976 2194 2039 illius
2240 1978 2325 2039 sit
2371 1977 2680 2059 superior.
2753 1974 2944 2038 Addo

695 2083 1164 2166 gravissimum.
1254 2074 1667 2162 Ἅποφάσεσιν
1728 2083 1901 2164 apud
1960 2082 2387 2165 Porphyrium
2442 2083 2715 2165 praefigi
2778 2081 2948 2146 solet

703 2183 994 2275 παρῄνει,
1041 2188 1240 2252 semel
1285 2190 1355 2251 in
1403 2190 1482 2270 ἐξ
1511 2191 1598 2253 38
1646 2189 1725 2251 ad
1773 2191 1855 2251 41
1906 2194 2127 2253 tenore
2175 2190 2479 2252 continuo
2510 2189 2949 2272 praemittitur

697 2288 1133 2379 παρηγγύας
1179 2294 1472 2359 Laertius
1525 2295 1719 2359 nudis
1764 2296 2110 2360 infinitivis
2157 2297 2253 2358 uti
2300 2296 2477 2377 solet,
2524 2295 2636 2358 sed
2683 2314 2759 2358 eo
2798 2295 2944 2358 loco

699 2402 812 2483 qui
857 2401 1202 2484 respondet
1243 2403 1396 2483 §40
1429 2402 1911 2485 Porphyrianae
1956 2404 2055 2466 sic
2098 2403 2327 2485 incipit
2366 2400 2618 2481 λέγεται
2662 2420 2945 2485 παρεγ-

696 2508 882 2588 γυᾶν
945 2500 1141 2573 αὐτὸν
1203 2516 1334 2580 τοῖς
1387 2511 1716 2595 μαθηταῖς
1778 2507 1901 2573 κτὲ.
1968 2526 1972 2531 ’
2016 2509 2194 2587 Quae
2261 2511 2477 2573 01111110
2540 2508 2723 2573 valde
2776 2509 2947 2571 mira

701 2622 930 2698 essent,
989 2618 1141 2691 ⁴nisi
1216 2616 1649 2679 fraudatorem
1714 2616 1953 2680 Laertii
2010 2623 2083 2681 et
2144 2618 2503 2680 Antonium
2562 2616 2765 2699 ignoti
2830 2634 2947 2679 ex·

699 2724 1009 2806 cerptoris
1048 2723 1332 2787 eiusdem
1373 2724 1620 2805 copiam
1667 2725 1734 2786 in
1773 2742 1961 2786 usum
2001 2724 2267 2788 vertisse
2306 2742 2491 2786 suum
2541 2740 2943 2805 poneremus,

700 2830 869 2912 Ergo
936 2849 1082 2893 cum
1147 2830 1270 2893 hoc
1323 2832 1582 2893 nomine
1640 2849 1822 2912 pares
1878 2830 2007 2893 sint
2060 2829 2352 2893 Laertius
2408 2835 2472 2893 et
2527 2829 2943 2911 PorphyriUS,

699 2936 1026 2999 fraudator
1087 2941 1153 2999 et
1213 2937 1554 3012 AntoniuS,
1619 2955 1776 2999 num
1838 2937 1908 2998 in
1974 2936 2275 2999 alterutro
2352 2940 2601 2999 tantum
2674 2934 2945 2998 flumine

699 3048 1006 3125 putentur
1048 3044 1335 3105 natantia
1377 3043 1554 3125 ligna
1599 3043 1813 3107 locum
1860 3042 2186 3106 interdum
2230 3042 2618 3106 mutavisse?
2664 3078 2753 3089 —-

879 3148 1040 3213 Cum
1068 3150 1451 3235 Ἕως-11101110
1512 3151 1763 3231 integra
1826 3168 2079 3232 semper
2141 3149 2404 3231 plurimi
2448 3167 2589 3211 esse
2655 3148 2947 3229 debeant,

701 3255 1046 3339 Porphyrii
1112 3257 1148 3337 ξ
1195 3257 1279 3319 32
1345 3258 1451 3319 καὶ
1513 3251 1718 3341 ἐπῇδε
1782 3258 1909 3317 τῶν
1972 3250 2249 3339 Ὁμήρου
2312 3255 2420 3316 καὶ
2474 3247 2765 3317 (Ησιόδον
2826 3246 2945 3316 ὅσα

696 3366 1114 3448 καθημεροῦν
1157 3354 1274 3446 τὴν
1324 3356 1540 3447 ψυχὴν
1586 3356 1954 3442 ἐδοκίμαζεν
2000 3362 2140 3425 0011.
2187 3361 2419 3425 Jambl.
2468 3364 2505 3440 ἓ
2552 3362 2637 3425 96
2686 3361 2767 3423 0(1
2818 3362 2944 3424 100

702 3470 917 3534 dicere
965 3488 1230 3533 necesse
1265 3476 1365 3533 est
1405 3470 1476 3531 in
1515 3470 1641 3533 diei
1678 3470 1955 3551 negotiis
2000 3470 2320 3533 immerito
2358 3469 2703 3545 numerari„
2748 3469 2943 3531 immo

701 3596 787 3641 ex
833 3577 1124 3640 eiusdem
1173 3586 1249 3653 (v,
1285 3578 1322 3658 ξ
1356 3578 1476 3638 111
1531 3596 1807 3657 quacum
1852 3576 1933 3639 cf.
1972 3576 2121 3656 164)
2168 3576 2344 3638 iussu
2394 3573 2769 3637 subicienda
2808 3593 2945 3638 esse

701 3684 1082 3766 paragraphi
1127 3684 1213 3746 34
1263 3684 1597 3746 enuntiato
1652 3669 1723 3765 ἦν
1770 3682 1829 3745 δ’
1877 3675 1919 3743 ἄ
1962 3684 2065 3744 καὶ
2114 3676 2323 3766 λύπης
2368 3674 2579 3765 λήθην
2632 3674 2945 3765 εἰργάζετο

700 3791 809 3852 καὶ
846 3782 1027 3873 ὀργὰς
1061 3782 1344 3872 ἐπράυνε
1381 3791 1487 3852 καὶ
1521 3789 1888 3868 ἐπιθυμίας
1926 3778 2207 3859 ἀτόπους
2239 3780 2463 3873 ἐξῄρει.
2538 3790 2625 3851 At
2652 3792 2943 3870 potestne

702 3897 891 3959 fieri?
991 3896 1195 3959 Immo
1264 3900 1524 3978 oportet.
1636 3894 1802 3957 Nam
1866 3896 1967 3958 his
2032 3899 2182 3957 sunt
2246 3895 2624 3977 praemissa:
2690 3880 2771 3976 ἧν
2832 3884 2945 3976 γὰρ

703 3994 880 4087 αὗτῷ
940 4000 1104 4087 μέλη
1168 4003 1274 4065 καὶ
1329 3994 1492 4086 πρὸς
1553 3995 1779 4071 νόσους
1833 3997 2141 4080 σωμάτων
2196 3994 2495 4080 παιώνια,
2560 3993 2599 4061 ἃ
2644 3991 2946 4081 ἐπᾴδων

703 4102 926 4195 ἀνίστη
972 4102 1119 4179 τοὺς
1163 4102 1528 4188 κάμνοντας.
1620 4108 1720 4170 En
1770 4108 2192 4171 mutationum
2240 4106 2537 4188 vestigia!

891 4208 1023 4287 Τὰς
1052 4218 1198 4293 γοῦν
1245 4206 1565 4299 διατριβὰς
1601 4215 1706 4275 καὶ
1753 4205 1943 4283 αὐτὸς
1990 4209 2187 4277 ἔωθε
2203 4234 2239 4273 ν
2269 4210 2389 4291 μὲν
2434 4204 2549 4275 ἐπὶ
2594 4211 2707 4295 τῆς
2753 4206 2945 4280 οἰκίας

702 4314 1005 4385 ἐποιεῖτο.
1097 4322 1218 4384 His
1277 4322 1509 4403 Porph.
1559 4322 1597 4401 ξ
1647 4321 1729 4383 32
1788 4320 2017 4400 verbis,
2072 4340 2111 4383 a
2156 4320 2391 4400 quibus
2446 4337 2515 4381 re
2573 4337 2727 4381 vera
2780 4318 2943 4381 vitae
