3200 5050
1644 405 2038 467 -4-

728 602 899 664 enim
926 601 961 664 l.
995 599 1092 664 III
1123 621 1173 664 c.
1206 603 1243 662 5
1275 600 1449 664 hunc
1494 601 1866 684 scriptorem
1915 601 1994 666 ab
2041 600 2153 664 illo
2189 599 2424 665 lectum
2465 619 2606 664 esse
2643 603 2982 682 arguatur,

728 709 841 770 vix
906 708 1137 772 addere
1203 726 1363 790 opus
1428 712 1524 771 est
1588 729 1778 790 quam
1845 708 2009 773 bene
2057 713 2369 792 congruat
2425 728 2573 772 cum
2619 707 2980 790 Porphyrii

730 817 808 897 ἐξ
857 816 939 878 32
954 834 1016 878 ss
1068 815 1369 878 verbosus
1414 815 1534 878 iste
1564 835 1640 878 ac
1671 833 1874 898 paene
1897 815 2194 898 garrulus
2221 814 2598 900 paragraphi
2621 815 2708 876 44
2739 832 2978 896 Serme,

730 942 919 1004 quam
988 923 1075 984 sit
1136 923 1426 985 diversus
1480 942 1519 984 a
1563 921 1875 985 brevitate
1923 923 2002 1004 ἓξ
2047 924 2130 984 41
2184 927 2311 990 ext.
2361 923 2464 986 43.
2511 923 2614 984 45.
2664 956 2748 967 ——
2817 921 2978 985 Tres

728 1029 899 1092 enim
946 1029 1057 1092 has
1105 1047 1267 1111 quae
1314 1034 1658 1110 supersunt
1721 1047 1790 1092 re
1849 1048 1999 1093 vera
2044 1028 2372 1093 Aristoteli
2438 1028 2657 1092 deberi
2703 1028 2978 1092 demon-

728 1140 963 1198 stratur
1007 1136 1209 1199 facile.
1302 1135 1690 1218 Paragraphi
1747 1138 1832 1199 45
1891 1127 2256 1214 ἀπέχεσθαι
2309 1133 2380 1200 δὲ
2433 1137 2540 1198 καὶ
2583 1137 2710 1197 τῶν
2759 1130 2978 1197 ἄλλων

725 1235 1013 1328 παρῄνει,
1062 1231 1196 1304 οἷον
1240 1234 1487 1327 μήτρας
1530 1261 1599 1304 τε
1646 1245 1752 1306 καὶ
1787 1241 2090 1326 τριγλίδος
2127 1243 2208 1306 ad
2245 1241 2616 1306 θαλασσίων
2661 1235 2982 1306 ἁπάντων

726 1350 984 1413 nomine
1040 1350 1179 1412 eius
1236 1350 1572 1431 signantur
1628 1369 1666 1411 a
1718 1349 1970 1412 Laertio
2025 1349 2064 1411 l.
2099 1349 2259 1412 VIII
2309 1350 2407 1413 19.
2515 1349 2807 1426 Quacum
2865 1370 2976 1415 res

727 1460 791 1519 et
828 1457 1025 1518 oratio
1064 1456 1438 1538 paragraphi
1478 1457 1561 1518 43
1601 1456 1714 1518 ubi
1754 1455 2185 1537 conferuntur,
2234 1456 2507 1520 eundem
2553 1457 2974 1521 manifestum

726 1563 805 1625 fit
850 1563 1186 1644 utriusque
1236 1581 1374 1626 esse
1420 1568 1762 1627 auctorem.

904 1670 1104 1734 Suum
1162 1671 1398 1751 cuique
1453 1669 1850 1733 reddidimus
1907 1671 1986 1751 ἐξ
2033 1671 2113 1732 41
2157 1670 2318 1734 med.
2378 1670 2457 1733 ad
2506 1673 2589 1734 45
2653 1672 2971 1736 dissectis.

726 1777 810 1839 Et
863 1777 1061 1840 altera
1121 1777 1381 1858 quidem
1437 1777 1597 1840 haec
1655 1776 1863 1840 fuerat
1916 1777 2241 1859 particula.
2335 1777 2494 1854 Quis
2557 1798 2709 1843 vero
2776 1786 2977 1864 caput

726 1883 1011 1965 alterum,
1075 1885 1152 1965 ἓξ
1210 1885 1293 1946 38
1360 1883 1437 1946 ad
1495 1885 1612 1945 41·
1647 1882 1810 1946 med.
1874 1884 2117 1965 primus
2183 1885 2612 1969 composuerit
2675 1885 2975 1951 dicamus

726 1990 1016 2054 breviter.
1109 1991 1427 2073 Apparuit
1464 1990 1635 2053 enim
1673 1990 1809 2054 fere
1841 1990 1968 2052 iam
2002 1996 2190 2054 antea
2225 1991 2394 2053 haud
2433 1997 2604 2056 recte
2640 1993 2974 2056 Rohdium

728 2097 1007 2160 vetuisse
1072 2115 1177 2158 eas
1243 2096 1437 2158 tribui
1504 2098 1806 2178 Antoni0,
1873 2117 2018 2160 cum
2085 2102 2321 2178 quanta
2385 2099 2736 2162 similitudo
2799 2101 2976 2164 inter

726 2206 762 2284 ἓ
793 2203 875 2266 32
906 2196 1240 2287 παρηγγτά
1284 2204 1654 2284 φιλοτιμίαν
1688 2197 1946 2284 φείγειν
1990 2204 2343 2268 intercedat
2379 2209 2443 2269 et
2483 2212 2974 2290 praeceptorum

726 2315 762 2393 ξ
812 2313 894 2374 38
916 2329 979 2373 ss
1025 2311 1291 2374 formam
1339 2331 1532 2394 supra
1578 2311 1822 2375 dictum
1867 2312 1966 2374 sit.

900 2418 1045 2482 Jam
1092 2418 1287 2481 instat
1322 2420 1789 2501 gravissimum.
1887 2418 2234 2500 Utriusque
2273 2419 2446 2482 enim
2483 2420 2684 2502 partis
2723 2423 2762 2501 ἓ
2796 2422 2884 2484 38
2904 2441 2974 2484 ss

673 2546 868 2613 mcum
909 2531 1199 2590 auctores
1237 2527 1366 2589 sint
1401 2528 1655 2609 reperti,
1702 2547 1856 2589 num
1897 2526 1988 2589 ab'
2016 2526 2296 2590 Antonio
2333 2526 2734 2609 Porphyrius
2774 2529 2971 2592 etiam

728 2634 1097 2698 inferiorem
1144 2633 1464 2716 acceperit
1508 2633 1996 2697 enucleandum.
2089 2634 2126 2715 ξ
2163 2634 2244 2695 41
2287 2633 2449 2697 med.
2498 2636 2677 2697 testis
2725 2637 2973 2699 excita-

723 2746 827 2803 tur
870 2741 1266 2807 Aristoteles,
1359 2740 1584 2821 Itaque
1641 2742 1698 2803 si
1746 2760 1908 2822 quae
1957 2741 2094 2803 eius
2143 2759 2282 2803 esse
2330 2740 2634 2803 dicuntur
2689 2761 2765 2805 ea
2811 2762 2972 2825 quo-

723 2867 848 2929 que
917 2848 1343 2911 tribueremus
1416 2848 1652 2929 scripto
1725 2846 2050 2929 DiogeniS,
2143 2853 2467 2911 auctorem
2542 2853 2972 2914 statueremus

720 2953 902 3017 illum
950 2955 1332 3039 appellatum
1394 2972 1532 3018 esse
1590 2973 1810 3017 earum
1857 2973 2087 3036 rerum,
2145 2974 2416 3036 quarum
2470 2955 2791 3019 fabulator
2835 2977 2970 3020 non

721 3061 907 3127 modo
956 3061 1171 3145 alium,
1226 3062 1335 3125 sed
1385 3063 1573 3126 etiam
1625 3062 1824 3125 multo
1874 3063 2285 3125 vetustiorem
2333 3067 2557 3126 testem
2604 3062 2969 3128 induxerat.

721 3169 1043 3251 Dercyllis
1098 3170 1271 3234 enim
1330 3188 1406 3233 ea
1464 3190 1626 3253 quae
1683 3170 1760 3233 ad
1807 3171 2237 3253 Pythagoram
2291 3175 2656 3254 spectarent
2710 3172 2970 3237 audisse

720 3296 790 3341 se
848 3277 1016 3360 apud
1068 3278 1252 3340 illum
1312 3279 1690 3361 scriptorem
1750 3277 1917 3340 dixit
1972 3296 2056 3341 ex
2101 3278 2369 3342 Astraeo
2415 3277 2522 3362 (cf.
2571 3278 2751 3343 Phot.
2809 3279 2964 3348 bibl.

723 3384 857 3450 cod.
897 3386 1019 3448 166
1059 3404 1117 3467 p.
1155 3385 1339 3449 109b
1384 3386 1461 3447 13
1487 3403 1549 3447 ss
1586 3384 1818 3463 Bekk.3
1868 3384 2037 3447 Erot.
2079 3384 2172 3448 ed.
2209 3384 2444 3449 Herch.
2483 3386 2514 3448 Ι
2551 3405 2608 3468 p.
2644 3386 2790 3465 234,
2833 3388 2964 3471 10),

723 3510 914 3573 quem
959 3491 1319 3575 philosophi
1379 3492 1582 3574 ipsius
1643 3491 2029 3575 discipulum
2077 3492 2478 3575 Porphyrius
2527 3494 2563 3575 ξ
2616 3494 2697 3557 10
2747 3494 2827 3556 ad
2878 3496 2963 3557 14

720 3598 1029 3681 Diogenis
1068 3604 1427 3663 commenta
1464 3603 1725 3663 secutus
1777 3599 2068 3683 appellat.
2133 3600 2224 3662 At
2259 3601 2600 3682 scriptores
2638 3602 2964 3664 Antonius

720 3708 1091 3772 nominavit.
1214 3707 1458 3771 Jubeor
1532 3708 1705 3771 enim
1777 3706 1990 3789 legere
2060 3727 2116 3789 p.
2170 3709 2289 3769 111
2327 3725 2364 3768 a
2409 3705 2603 3771 Bekk.
2663 3710 2700 3787 ξ
2753 3710 2830 3771 11
2880 3708 2968 3772 E

718 3806 1065 3898 προτάττει
1111 3813 1181 3877 δὲ
1225 3816 1330 3877 καὶ
1378 3808 1645 3877 ἑκάστου
1692 3811 1937 3895 βιβλίου
1985 3806 2131 3884 τούς
2180 3808 2407 3898 ἄνδρας
2453 3810 2519 3875 οἳ
2559 3806 2642 3876 τὰ
2695 3814 2966 3877 τοιαίτα

720 3915 1284 4007 προαπεφήναντο,
1354 3913 1432 3994 ὡς
1484 3914 1577 4007 μὴ
1624 3921 1776 4007 δοκῇ
1821 3924 2172 4006 μαρτυρίας
2228 3913 2516 4005 χηρεύειν
2559 3914 2640 3983 τὰ
2705 3916 2965 3986 ἄπιστα.

720 4027 845 4091 Sed
885 4029 1161 4111 primum
1206 4049 1336 4092 non
1382 4029 1447 4091 in
1500 4028 1712 4093 media
1757 4028 2160 4111 expositione
2199 4045 2307 4090 eos
2347 4026 2680 4107 excitavit3
2733 4028 2966 4093 deinde

717 4135 853 4198 illic
919 4135 1176 4217 quidem
1241 4136 1401 4198 nihil
1477 4136 1601 4199 nisi
1669 4128 1751 4197 τὰ
1816 4129 2055 4196 ἄπιστα
2121 4154 2233 4217 per
2298 4152 2405 4199 eos
2479 4134 2966 4199 confirmavisse

717 4244 933 4306 fertur.
1023 4243 1101 4305 In
1139 4244 1371 4325 quibus
1410 4244 1617 4307 noctis
1657 4241 2192 4325 septemtrionalis
2247 4246 2556 4325 portenta,
2604 4261 2734 4304 non
2782 4262 2963 4325 prae-

720 4355 904 4432 cepta
959 4350 1155 4414 ducas
1212 4369 1374 4432 quae
1434 4350 1766 4413 Aristoteli
1819 4348 1956 4413 illic
2014 4349 2472 4413 adscribantur.
2577 4348 2964 4414 Persuasum
