3200 5050
1554 393 1995 457 -30-

655 591 896 672 opinor,
963 607 1415 672 quaereremus
1480 610 1609 671 qua
1664 589 1743 653 de
1802 609 1995 654 causa
2050 589 2410 672 scripsisset
2463 587 2645 650 initio
2702 589 2911 666 τιμᾶν

651 689 959 780 μουσική-ν
1003 715 1074 758 τε
1119 697 1224 758 καὶ
1259 690 1564 781 ἰατρικήν,
1603 695 1831 762 ordine
1868 696 2293 779 capitulorum
2324 692 2653 774 inverSO.²)
2732 693 2908 758 Con·

655 803 918 867 cedatur
948 803 1115 866 haud
1149 803 1340 867 dubie
1380 802 1645 867 licuisse
1690 803 1756 865 id
1806 804 1945 867 eius
1990 803 2255 886 ingenio
2291 803 2405 884 qui
2450 803 2587 885 ipse
2624 800 2911 864 ediderit

656 929 818 991 quae
865 909 1169 993 deinceps
1216 909 1627 992 disserantur,
1674 930 1805 973 non
1852 911 1992 974 eius
2040 910 2150 992 qui
2198 909 2408 973 aliena
2452 907 2752 991 colligere
2799 908 2907 968 in-

653 1015 867 1080 diculo
912 1017 1223 1080 instituat.

830 1123 1372 1187 Pretiosissimum
1418 1123 1620 1206 igitur
1662 1123 2103 1187 adiumentum
2165 1123 2337 1186 nacti
2383 1139 2607 1185 nonne·
2645 1119 2901 1183 duobus

653 1230 780 1292 iam
829 1247 992 1311 quae
1038 1230 1348 1312 promissa
1404 1235 1584 1293 erant
1638 1229 1969 1313 particulis
2024 1230 2295 1313 repertis
2351 1234 2593 1292 ceteras
2640 1245 2901 1309 quoque

653 1355 982 1419 speremus
1030 1339 1172 1420 cogi
1210 1337 1443 1419 posse?
1537 1336 1719 1413 Quod
1767 1337 2097 1420 negotium
2145 1342 2485 1417 antequam
2534 1334 2899 1414 subeamuS,

653 1443 1192 1506 verisimillimum
1235 1461 1374 1508 esse
1411 1443 1691 1508 dixerim
1738 1447 1775 1523 ἓ
1818 1445 1945 1507 114
1984 1439 2079 1506 ἔτι
2114 1445 2329 1506 τοίνυν
2364 1442 2443 1505 ad
2489 1443 2599 1526 τῆς
2642 1436 2905 1526 ἐπῳδῆς

654 1549 1040 1614 successisse
1085 1549 1255 1634 apud
1299 1551 1763 1614 Aristoxenum
1812 1549 2006 1613 rebus
2052 1553 2089 1629 ξ
2142 1553 2217 1613 11
2232 1555 2260 1612 1
2314 1549 2677 1633 (interiecta
2722 1548 2897 1611 enim

651 1654 900 1734 λέγεται
959 1658 998 1737 ξ
1061 1658 1184 1720 112
1207 1675 1238 1719 s
1302 1656 1512 1720 eidem
1576 1656 1796 1721 deberi
1872 1658 2101 1739 nequit
2163 1656 2607 1736 demonstrari)
2671 1673 2747 1718 ea
2816 1653 2901 1717 de

654 1781 848 1826 causa
894 1763 1064 1844 quod
1111 1763 1654 1846 paragraphorum
1703 1765 1787 1826 64
1834 1769 1900 1827 et
1947 1764 2029 1826 65
2086 1769 2325 1844 auctor,
2382 1763 2495 1844 qui
2549 1761 2727 1824 illius
2783 1779 2897 1825 ve-

653 1870 842 1952 stigia
887 1871 1079 1932 anxie
1114 1870 1364 1952 pressit,
1411 1869 1636 1933 eodem
1684 1875 1903 1934 tenore
1940 1869 2368 1952 Pythagoram
2416 1888 2617 1932 unum
2648 1867 2901 1951 praedi-

653 1977 834 2042 cavit.
930 1976 1155 2057 Neque
1203 1976 1508 2039 absonum
1569 1969 1709 2041 esse
1767 1976 2021 2041 videtur
2066 1976 2254 2058 quod,
2310 1981 2645 2058 postquam
2701 1993 2898 2056 gene-

650 2083 870 2146 raliter
913 2082 1182 2146 relatum
1231 2088 1327 2146 est
1372 2082 1450 2146 de
1497 2102 1673 2146 more
1704 2085 2002 2158 ¹virorum
2061 2083 2357 2147 medendi
2419 2081 2899 2165 cupiditatibuS,

651 2208 728 2252 ea
765 2191 1084 2253 sententia·
1120 2208 1308 2271 quae
1353 2190 1521 2272 ipsa
1560 2209 1863 2272 quoque
1910 2191 2275 2253 universa
2322 2194 2437 2253 est
2480 2189 2561 2251 ad
2608 2186 2897 2269 singulas

654 2295 956 2377 quasdam
1032 2315 1188 2359 usus
1263 2315 1489 2360 causas
1550 2315 1927 2378 progressus
1999 2296 2079 2360 fit
2146 2295 2549 2360 enarrandas.
2666 2293 2898 2375 Neque

653 2403 826 2465 enim
893 2421 1274 2484 quemquam
1347 2404 1494 2468 fieri
1559 2408 1768 2486 potest
1840 2409 1913 2466 ut
1974 2403 2212 2467 lateant
2274 2402 2516 2485 proprii
2588 2401 2897 2465 orationis

651 2509 1119 2574 Aristoxeneae
1167 2509 1430 2575 coloreS.
1525 2509 1685 2587 Quis
1730 2517 1943 2576 autem
1989 2510 2155 2575 liber
2196 2510 2363 2573 fuit?
2454 2511 2611 2574 Βίου
2660 2509 2896 2572 Πυθα-

650 2619 900 2700 γορικοῦ
943 2618 1214 2700 vestigia
1268 2623 1812 2700 recognoscentur
1855 2619 2079 2700 paucis
2136 2617 2449 2700 exemplis
2494 2636 2579 2681 ex
2622 2617 2705 2679 iis
2752 2634 2894 2698 par·

654 2723 868 2786 ticulis
913 2726 1222 2806 promptis
1270 2743 1434 2805 quae
1482 2729 1635 2787 sunt
1672 2725 1749 2787 de
1797 2724 2115 2789 medicina
2153 2730 2218 2787 et
2253 2724 2331 2789 de
2378 2723 2647 2787 musica:
2694 2714 2894 2806 ἅψα-

652 2833 751 2892 σθ
763 2850 834 2892 αι
862 2824 1425 2910 καταπλασμάτων
1450 2826 1565 2893 ἐπὶ
1592 2829 1796 2892 πλείω
1834 2830 1960 2893 τῶν
1995 2827 2596 2915 ἔμπροσθενξ163ς
2636 2825 2893 2912 ἐχρῶν·

650 2958 731 2997 το
777 2929 1064 3021 Ὃμήρου
1120 2938 1225 3000 καὶ
1283 2930 1586 3001 Ἡσιόδου
1642 2935 1899 3017 λέξεσιν,
1960 2939 1997 3019 ξ
2050 2939 2203 3017 164;
2264 2933 2508 3000 ἐκείνου
2563 2929 2896 3021 κρούοντυς

652 3043 976 3129 συνῇδον
1033 3038 1311 3115 παιᾶνας
1365 3064 1539 3115 τινας
1595 3045 1633 3125 ξ
1686 3044 1840 3122 11Ο;
1900 3044 2151 3109 similia.
2245 3046 2332 3106 At
2382 3043 2540 3107 illuc
2592 3048 2893 3106 revertor.

833 3149 920 3213 Ut
975 3148 1144 3213 enim
1206 3170 1369 3233 quae
1427 3151 1505 3214 de
1559 3152 1831 3236 μαντικῇ
1888 3155 1951 3214 et
2005 3150 2083 3215 de
2138 3146 2457 3233 ἕχεμυθίᾳ
2502 3149 2893 3231 Pythagore-

653 3276 834 3319 orum
874 3258 1303 3320 Aristoxenus
1351 3257 1603 3320 dixerat
1647 3277 1779 3320 non
1828 3258 2021 3340 digna
2064 3257 2375 3321 iudicavit
2410 3258 2593 3327 θεῖος
2625 3256 2667 3320 J
2671 3254 2893 3318 ambli-

654 3363 814 3426 chus
862 3371 972 3425 aut
1018 3363 1222 3426 bonus
1271 3364 1464 3426 huius
1511 3364 1737 3427 auctor
1774 3383 1938 3445 quae
1984 3365 2299 3446 reciperet
2341 3363 2607 3445 integra,
2654 3362 2743 3425 ita
2788 3381 2894 3425 ca-

652 3489 730 3531 su
757 3474 1042 3533 servatae
1081 3476 1231 3532 sunt
1259 3470 1576 3533 scintillae
1616 3470 1943 3552 quaedam,
1989 3470 2145 3535 licet
2174 3490 2212 3533 a
2248 3469 2770 3552 compilatoribus
2802 3474 2893 3531 te-

653 3594 826 3639 mere
873 3577 1004 3642 sint
1050 3576 1266 3639 cinere
1313 3576 1593 3640 obrutae.
1687 3576 1813 3654 Qui
1860 3571 2204 3647 Jamblichi
2256 3580 2292 3658 ξ
2344 3577 2469 3639 149
2519 3582 2583 3640 et
2632 3576 2757 3639 150
2803 3576 2891 3637 in.

653 3684 1000 3746 sententias
1049 3684 1468 3764 coacervavit,
1515 3686 1572 3746 is
1622 3684 1700 3747 de
1749 3704 1864 3746 suo
1912 3684 2076 3747 nihil
2112 3684 2247 3747 fere
2296 3682 2542 3748 addidit
2584 3684 2711 3745 nisi
2750 3700 2893 3757 verf

653 3788 734 3851 ba
771 3789 1004 3870 quibus
1051 3790 1372 3853 abundare
1412 3790 1622 3853 solent
1669 3791 2130 3872 compilatoreS,
2178 3808 2280 3853 res
2319 3796 2489 3853 certe
2528 3789 2607 3852 ab
2645 3790 2892 3852 Aristo-

651 3914 820 3959 xeno
876 3898 1139 3979 accepit.
1242 3897 1562 3959 Vestitum
1630 3903 1693 3960 et
1754 3902 1948 3960 strata
2014 3898 2299 3960 virorum
2366 3896 2670 3961 describit
2734 3896 2891 3978 ipsis

657 4002 1064 4085 Peripatetici
1111 4003 1323 4066 verbis
1369 4022 1551 4081 usus3
1602 4004 1681 4066 cf.
1732 4004 1769 4085 ξ
1820 4003 1946 4066 100
1994 4024 2052 4086 p.
2104 4007 2204 4085 77,
2257 4004 2336 4066 12
2385 4003 2461 4066 Ν.
2552 4002 2649 4066 De
2696 4003 2891 4065 sacri-

653 4110 822 4172 ficiis
879 4129 1100 4173 eorum
1158 4112 1218 4191 (g
1271 4111 1396 4173 150
1443 4112 1554 4187 in.)
1609 4113 1698 4173 ita
1756 4112 1968 4192 refert,
2025 4116 2097 4173 ut
2142 4110 2409 4174 vocibus
2466 4116 2713 4173 tantum
2744 4128 2891 4171 non

831 4269 873 4334 ²)
911 4264 952 4320 J
956 4265 1309 4320 amblichum
1338 4271 1494 4320 enim
1520 4284 1588 4320 ea
1606 4272 1911 4323 invertisse
1931 4267 2089 4322 credi
2116 4271 2353 4321 omnino
2379 4271 2599 4337 nequit,
2617 4270 2889 4336 quoniam

651 4362 870 4424 quanta
908 4359 1183 4409 caecitate
1219 4358 1682 4426 transscripserit
1719 4361 1891 4409 antea
1926 4361 2293 4427 perspectum
2329 4361 2435 4410 est.
