3200 5050
1548 367 1988 428 -54—

649 563 772 624 sita
827 563 964 636 erit,
1019 562 1135 626 has
1191 560 1466 624 elucebit
1524 560 1977 624 condemnatas
2036 559 2113 622 ab
2162 578 2237 622 eo
2287 577 2425 624 esse
2472 555 2729 637 (πολλοὶ
2781 557 2889 620 καὶ

649 667 984 747 πολλαχῶς
1073 661 1544 752 ἁμαρτάνουσιν
1629 667 1799 730 1118
1874 667 1913 729 b
1982 667 2096 745 21)
2181 665 2579 748 voluptatum
2652 665 2889 728 formas

655 779 686 838 1
741 773 824 846 ὥς
868 773 929 836 οἱ
973 773 1210 837 πολλοί
1251 776 1288 837 2
1338 767 1413 836 τὸ
1455 771 1702 853 μᾶλλον
1749 775 1787 836 3
1837 761 1929 844 οἷς
1964 765 2054 856 μὴ
2094 772 2205 836 δεῖ.
2300 771 2547 848 Quibus
2585 771 2891 853 deinceps

653 881 952 964 opposuit
995 882 1292 950 omnibus
1341 873 1378 965 ἢ
1423 873 1514 964 μὴ
1565 879 1649 950 ὥς
1695 880 1807 943 δεῖ.
1902 880 2119 944 Unum
2163 879 2349 942 valde
2395 878 2719 942 desideres
2764 882 2891 941 ter-

652 988 778 1051 tiae
843 987 1064 1052 classis
1129 979 1236 1050 ὅτε
1299 979 1390 1071 μὴ
1456 987 1570 1050 δεῖ.
1660 986 1929 1050 Minime
2001 984 2378 1049 Aristoteles
2426 986 2641 1048 omnia
2684 985 2895 1048 voluit

653 1096 849 1158 anxia
894 1114 1048 1157 cura
1097 1113 1499 1170 enumerare3
1547 1093 1662 1158 sed
1696 1094 1875 1158 adest
1910 1093 2021 1156 ubi
2060 1094 2293 1156 iterum
2332 1092 2634 1155 distincta
2665 1091 2893 1154 eadem

652 1208 1076 1267 conseruntur
1121 1202 1309 1284 paulo
1356 1201 1522 1264 infra
1566 1220 1625 1283 p.
1661 1200 1829 1266 1119
1864 1220 1901 1262 a
1953 1201 2049 1263 15.
2141 1199 2311 1283 Ergo
2349 1199 2473 1262 hoc
2509 1203 2755 1260 tantum
2796 1204 2896 1260 est

650 1308 1025 1376 Aristoxeni
1087 1309 1384 1372 meritum
1451 1307 1621 1388 quod
1684 1307 2112 1389 praeceptoris
2180 1307 2515 1369 inventum
2561 1305 2749 1367 auxit
2792 1322 2893 1366 se-

651 1416 996 1498 veriusque
1044 1415 1382 1479 ordinavit.

828 1521 1241 1586 Aristotelica
1302 1526 1515 1584 autem
1561 1521 1963 1584 institutione
2028 1538 2174 1582 eum
2239 1538 2425 1582 usum
2484 1537 2622 1582 esse
2670 1536 2746 1580 eo
2796 1522 2896 1580 est

652 1628 1066 1691 verisimilius
1114 1627 1284 1711 quod
1321 1647 1416 1704 ,ex
1446 1628 1777 1690 vicinitate
1825 1627 2029 1690 accita
2074 1630 2240 1707 sunt,
2288 1645 2345 1708 p.
2381 1625 2551 1688 1118
2600 1624 2718 1705 b3,
2764 1626 2897 1686 τῶν

651 1732 722 1796 δὲ
776 1729 1145 1815 ἐπιθυμιῶν
1200 1733 1268 1797 αἱ
1322 1732 1441 1814 μὲν
1493 1736 1697 1798 κοιναὶ
1751 1733 1887 1815 (καὶ
1929 1782 1943 1796 .
1986 1734 2075 1817 ,9)
2130 1733 2418 1795 δοκοῦσιν
2468 1722 2650 1812 εἶναι,
2707 1729 2774 1792 αἱ
2822 1729 2895 1793 δὲ

651 1837 798 1904 ἴδιοι
850 1843 956 1905 καὶ
1010 1837 1403 1922 ἐπίθετοι,
1458 1841 1847 1906 conferenda
1904 1860 2051 1904 cum
2096 1839 2329 1904 Jambl.
2376 1839 2504 1904 205
2560 1829 2721 1906 εἶναι
2766 1839 2897 1898 τῶν

651 1940 1077 2032 ἀνθρωπίνων
1122 1944 1493 2028 ἐπιθυμιῶν
1535 1941 1648 2019 τὰς
1692 1947 1811 2027 μὲν
1855 1939 2234 2030 ἐπικτήτους
2278 1966 2349 2008 τε
2384 1947 2490 2008 καὶ
2534 1962 2894 2028 παρασκευ-

652 2051 860 2136 αστοῖς,
893 2049 1004 2127 τὰς
1033 2055 1104 2119 δὲ
1135 2052 1518 2136 συμφύτους.
1565 2055 1695 2118 Hic
1722 2056 1845 2118 niti
1872 2072 2203 2137 possemus
2233 2074 2361 2116 una
2398 2072 2555 2116 voce
2592 2047 2897 2115 ἐπίθετοι

655 2201 737 2210 -
785 2163 842 2226 si
889 2181 1152 2226 necesse
1201 2169 1382 2226 esset.
1476 2161 1643 2225 Nam
1680 2181 1827 2225 cum
1872 2161 2075 2223 κοιναὶ
2112 2159 2415 2223 libidines
2451 2159 2599 2222 illae
2638 2163 2703 2222 et
2746 2155 2897 2220 ἴδιοι

653 2270 820 2332 inter
873 2289 941 2332 se
1000 2271 1324 2352 oppositae
1380 2270 1526 2350 sint,
1584 2274 1757 2332 certe
1816 2288 1947 2331 non
2002 2272 2215 2331 mente
2271 2267 2598 2348 scriptoris
2653 2264 2899 2328 excidit

653 2377 763 2439 cui
825 2375 1238 2458 responderet
1301 2371 1621 2438 ἐπίθετοι.
1743 2374 1923 2451 Quod
1996 2393 2143 2437 cum
2219 2372 2502 2451 Scaliger
2572 2371 2895 2450 sensisset,

650 2483 985 2547 verissime
1032 2484 1388 2547 secundum
1419 2484 1713 2567 proxima
1750 2469 1910 2544 οἷον
1946 2478 1986 2569 ἡ
2022 2479 2142 2561 μὲν
2186 2472 2299 2564 τὴς
2343 2482 2580 2564 τροφῆς
2616 2469 2895 2561 φυσικὴ

631 2591 761 2671 (cf.
813 2594 983 2655 1118
1030 2591 1069 2653 b
1122 2592 1232 2673 13)
1297 2591 1619 2674 supplevit
1678 2591 1785 2652 καὶ
1848 2588 2181 2671 φυσικαί.1)
2305 2586 2537 2651 Omnia
2605 2585 2896 2649 nondum

654 2697 974 2761 audivisti.
1065 2698 1230 2761 Nam
1288 2698 1550 2761 alterius
1608 2715 1881 2779 quoque,
1936 2696 1979 2759 J
1981 2694 2167 2758 ambl.
2214 2695 2253 2761 l.
2294 2695 2353 2775 1.‚
2408 2694 2697 2777 proxima
2742 2698 2899 2753 sunt

629 2796 727 2865 ¹‘cd
780 2803 900 2884 μὲν
953 2797 1070 2889 γὰρ
1123 2806 1511 2874 κενωθέντος
1565 2806 1681 2865 τοῦ
1739 2796 2027 2882 σώματος
2078 2804 2190 2886 τῆς
2242 2803 2481 2884 τροφῆς
2539 2795 2897 2877 ἐπιθυμεῖν

567 2978 570 2983 ,
655 2903 980 2991 φυσικὸν
1006 2902 1170 2974 εἶναι
1199 2908 1322 2973 κτέ.
1417 2910 1507 2973 Of.
1542 2911 1733 2973 etiam
1764 2911 1800 2991 ξ
1832 2914 1989 2973 extr.
2022 2928 2165 2972 cum
2205 2908 2374 2971 1118
2404 2907 2443 2969 b
2482 2907 2580 2969 15.
2662 2904 2897 2968 Merito

653 3018 852 3100 igitur
941 3017 1349 3081 Aristotelem
1440 3017 1521 3079 ad
1601 3008 1970 3096 Ἅποφάσεις
2060 3013 2457 3078 adornandas
2548 3011 2897 3076 contulisse

659 3124 1004 3187 Praechter
1048 3123 1275 3187 Philol.
1326 3124 1516 3204 50,50
1564 3129 1692 3187 not.
1737 3142 1870 3185 non
1917 3121 2269 3205 praefracte
2314 3120 2590 3202 negavit.

830 3230 908 3293 In
937 3230 1131 3293 aliam
1162 3232 1601 3311 quaestionem
1634 3230 2006 3291 transmissa
2034 3231 2183 3289 sunt
2214 3226 2356 3289 Eth.
2386 3224 2527 3289 Nic.
2555 3246 2615 3307 p.
2657 3223 2825 3287 1179
2855 3223 2896 3285 b

655 3338 694 3399 9
718 3356 781 3399 ss
820 3356 1095 3415 summa3
1146 3336 1442 3399 similiter
1478 3338 1653 3399 enim
1681 3335 1839 3398 alter
1864 3336 2156 3417 increpat
2185 3334 2254 3395 in
2286 3333 2456 3396 Stob.
2484 3331 2646 3395 Flor.
2684 3330 2717 3393 Ι
2748 3332 2897 3411 101,

660 3444 769 3505 ubi
839 3447 902 3506 et
964 3444 1100 3525 ipse
1168 3435 1280 3503 τὰν
1326 3442 1411 3513 ὥς
1458 3434 1716 3526 ἀληθῶς
1760 3435 2103 3521 φιλόκαλον
2150 3440 2412 3522 opponit
2456 3446 2585 3508 τοῖς
2631 3434 2899 3507 πολλοῖς

656 3551 769 3631 qui
809 3544 950 3612 ’τοῦ
1013 3548 1212 3611 καλοῦ
1266 3549 1372 3610 καὶ
1419 3548 1501 3619 ὥς
1547 3540 1803 3632 ἀληθῶς
1847 3540 2027 3631 ἡδέος
2073 3538 2203 3608 οὔδ’
2252 3541 2496 3608 ἔννοιαν
2533 3543 2767 3607 habere
2814 3543 2896 3606 ab

656 3656 999 3719 Aristotele
1043 3656 1316 3719 iudicati
1365 3661 1561 3719 erant.
1863 3636 1869 3641 ’

832 3764 886 3825 Ε
933 3783 991 3845 p.
1051 3762 1212 3825 1126
1261 3762 1300 3824 b
1353 3764 1518 3825 11ss
1574 3756 1653 3823 ἐν
1707 3768 1871 3831 ταῖς
1918 3753 2252 3839 ὁμιλίαις
2297 3808 2309 3821 .
2360 3812 2371 3823 .
2427 3807 2441 3821 .
2488 3749 2587 3820 ὅτι
2644 3749 2683 3841 ἡ
2729 3760 2897 3841 μέση

836 3958 877 4017 ¹)
917 3954 1396 4026 Supplementum
1443 3960 1643 4009 mente
1686 3953 2020 4008 faciendum
2065 3970 2205 4017 esse,
2256 3968 2374 4006 non
2422 3954 2652 4051 scriptis
2704 3949 2903 4004 verbis

656 4060 863 4098 censeo
898 4049 1134 4115 propter
1169 4042 1668 4114 Politic.p.1254
1705 4043 1743 4096 b
1781 4043 1849 4095 27
1887 4035 2127 4109 βοι’λεται
2164 4059 2267 4113 μεν
2304 4026 2398 4092 οὖν
2437 4031 2469 4111 ἧ
2507 4035 2659 4106 φύσις
2702 4058 2794 4090 και
2832 4056 2901 4091 τα

655 4129 874 4204 σώματα
919 4132 1240 4205 διαφέροντα
1294 4138 1468 4186 ποιεῖν
1514 4150 1576 4184 τα
1625 4132 1727 4183 τῶν
1774 4128 2073 4203 ἐλευθέρων
2118 4150 2209 4182 και
2256 4130 2357 4181 τῶν
2402 4124 2603 4182 δούλων
2659 4146 2729 4179 τα
2776 4124 2905 4199 μὲν

656 4214 905 4295 ι’σχυρα
943 4215 1074 4293 πρὸς
1111 4217 1208 4291 τὴν
1244 4213 1550 4289 ἀναγκαίαν
1585 4220 1797 4292 χρῆσιν,
1842 4214 1916 4272 τὰ
1961 4212 2012 4272 δ’
2049 4211 2219 4292 ορθὰ
2264 4219 2375 4270 καὶ
2421 4210 2721 4290 ἄχρηστα
2767 4236 2908 4289 προς

657 4304 747 4369 τὰς
781 4303 1025 4369 τοιαύτας
1061 4306 1314 4379 ἐργασίας
1349 4314 1476 4381 ipsa
1511 4324 1739 4379 quoque
1776 4308 2196 4380 supplementis
2232 4311 2519 4377 temptata
2554 4305 2789 4359 frustra.
