3200 5050
1209 406 1650 468 -13-

307 600 524 679 andos
592 620 740 664 oum
805 601 1038 683 quibus
1100 602 1351 685 parvuli
1417 608 1631 668 essent
1683 603 1914 667 imbuti
1971 599 2073 667 eis·
2120 604 2291 667 viros
2345 603 2548 666 factos

269 712 810 772 consentaneum
859 713 1026 772 esset
1079 728 1306 772 usuros
1364 728 1472 773 eos
1530 729 1669 775 esse
1714 710 2013 773 moribus.
2105 709 2289 772 Licet
2341 708 2546 772 silere.

307 813 540 878 Nonne
605 834 756 880 vero
821 815 1018 879 verba
1082 817 1119 897 ἓ
1167 816 1295 878 203
1358 822 1516 880 extr.
1572 814 1634 879 εἰ
1685 809 1801 902 γὰρ
1855 816 2055 902 μηδέν
2118 812 2252 879 ἐστι
2307 809 2548 877 τούτων

306 915 614 1008 χρήσιμον
658 919 749 993 εἰς
791 915 909 1006 τὴν
951 922 1068 985 τοῦ
1117 914 1337 1009 ἀνδρὸς
1381 921 1630 992 τ’λικίαν
1677 917 2149 1004 ἀφικνουμένων
2194 915 2386 1003 ὓμῶν,
2434 918 2548 1002 μά-

305 1051 488 1093 ταιον
531 1021 696 1092 εἶναι
748 1022 822 1091 τὸ
878 1029 1228 1103 συνεθίζειν
1279 1031 1515 1102 παῖδας
1561 1026 1746 1102 ὄντας
1790 1031 1869 1117 τῇ
1924 1025 2187 1118 τοιαύτῃ
2221 1024 2398 1104 τάξει
2436 1049 2548 1111 eqs

308 1137 390 1201 ad
446 1135 879 1208 τελεωθέντας
937 1139 974 1219 ἓ
1023 1139 1152 1200 204
1208 1139 1619 1203 manifestum
1675 1143 1771 1201 est
1823 1139 2142 1221 respicere
2198 1137 2277 1199 ad
2335 1137 2371 1218 ξ
2420 1137 2544 1199 201

307 1239 380 1307 ἐν
437 1242 508 1306 δὲ
550 1243 634 1329 τᾷ
695 1237 1081 1330 ἀνθρωπίνῳ
1140 1248 1256 1329 βίῳ
1323 1263 1453 1327 eqS,
1521 1245 1754 1327 quibus
1800 1242 2005 1308 novus
2064 1244 2550 1308 sententiiarum

309 1356 496 1415 tenor
540 1350 852 1416 discretus
900 1357 1034 1416 erat
1081 1373 1118 1415 a
1162 1352 1616 1435 superioribus,
1662 1353 2004 1435 praecipue
2053 1351 2131 1415 ad
2177 1350 2373 1414 verba
2419 1350 2553 1413 δεῖν

309 1444 426 1520 οὖν
468 1458 579 1542 τῆς
621 1462 739 1521 τοῦ
783 1452 1014 1530 παιδὸς
1070 1451 1304 1544 ἇγωγῆς
1357 1459 1552 1544 καλῆς
1595 1479 1667 1521 τε
1713 1460 1819 1522 καὶ
1866 1453 2184 1542 σώφρονος
2230 1461 2553 1542 γινομένης

307 1566 416 1627 καὶ
465 1557 754 1652 ἀνδρικῆς
799 1559 968 1629 πολὺ
1015 1558 1179 1630 εἶναι
1222 1571 1416 1651 μέρος
1459 1558 1535 1629 τὸ
1580 1560 2097 1651 παραδιδόμενον
2142 1563 2231 1636 εἰς
2274 1559 2391 1648 τὴν
2436 1567 2551 1626 τοῦ

307 1674 638 1734 νεανίσκου
685 1665 948 1759 ἡλικίαν,
997 1667 1295 1746 ὡσαύτως
1342 1673 1411 1737 δὲ
1456 1675 1562 1736 καὶ
1608 1677 1722 1745 τ’ἶς
1765 1675 1881 1736 τοῦ
1927 1676 2255 1735 νεανίσκου
2295 1723 2310 1736 .
2346 1722 2357 1734 .
2402 1723 2414 1734 .
2464 1669 2553 1742 εἰς

309 1769 427 1862 τὴν
480 1783 596 1841 τοῦ
657 1772 879 1865 ἀνδρὸς
947 1774 1236 1866 ἧλικίανΡ
1329 1781 1569 1846 Eadem
1610 1782 1808 1863 igitur
1853 1781 2171 1844 sententia
2216 1784 2279 1842 et
2324 1781 2387 1842 in
2398 1780 2554 1863 cipit

312 1891 378 1950 et
420 1886 650 1951 finitur
695 1888 801 1952 hic
843 1889 1031 1952 orbis,
1123 1889 1353 1952 Nonne
1401 1893 1648 1952 certum
1695 1887 2099 1970 agnoscimus
2130 1905 2343 1950 rerum
2383 1906 2553 1950 com-

311 1994 753 2076 ponendarum
810 1994 1149 2059 consilium
1206 1995 1402 2078 idque
1459 1995 1829 2078 egregium?
1943 1993 2123 2070 Quod
2181 2013 2309 2057 non
2372 1994 2554 2076 parvi

313 2106 410 2164 est
454 2101 534 2164 ad
580 2097 1003 2183 Ἀποφάσεων
1055 2103 1325 2166 formam
1384 2095 1795 2184 indolemque
1850 2101 2291 2186 reperiendam
2349 2106 2412 2164 et
2454 2119 2553 2163 re-

220 2244 236 2264 .
313 2207 696 2271 stituendam
737 2211 1062 2279 momenti.
1157 2209 1381 2291 Neque
1420 2210 1594 2272 enim
1624 2229 1754 2272 uno
1794 2209 1915 2272 hoc
1954 2208 2092 2298 loco
2126 2210 2553 2272 Aristoxenus

314 2313 395 2376 ad
449 2317 848 2392 sententiam,
905 2335 1094 2398 quam
1150 2323 1483 2400 postquam
1540 2319 1757 2401 posuit
1807 2316 2162 2380 rationibus
2220 2334 2555 2398 argumen-

313 2421 524 2503 tisque
590 2422 1011 2505 confirmavit,
1077 2424 1166 2488 ita
1228 2424 1436 2504 rediit,
1501 2429 1574 2487 ut
1639 2442 1800 2506 quae
1866 2423 2358 2486 demonstranda
2422 2429 2557 2486 erat

313 2548 454 2593 eam
522 2531 705 2612 quasi
770 2531 1260 2595 demonstratam
1331 2532 1474 2595 aliis
1537 2531 1751 2595 verbis
1815 2536 2146 2614 repeteret.
2263 2530 2555 2596 Conterri

311 2642 581 2719 possunt
627 2658 706 2701 ex
755 2638 1193 2722 superioribus
1239 2640 1276 2720 ἓ
1324 2638 1452 2701 203
1501 2639 1584 2703 in.
1624 2631 1908 2701 καθόλου
1958 2637 2015 2700 δ’
2045 2634 2257 2700 εἰπεῖν
2301 2636 2378 2700 ad
2418 2633 2554 2700 ἕκα-

315 2758 459 2819 στος
523 2747 651 2806 τῶν
711 2744 993 2808 πολιτῶν
1057 2764 1202 2809 cum
1251 2748 1288 2825 ξ
1341 2746 1464 2808 175
1521 2746 1685 2809 med.
1744 2738 2029 2808 καθόλου
2096 2742 2167 2807 δὲ
2221 2738 2416 2829 ᾤοντο
2476 2744 2554 2806 ad

313 2849 805 2923 ἐπιστατοῦντος
869 2857 934 2915 et
997 2872 1159 2933 quae
1233 2853 1362 2915 illis
1417 2853 1452 2935 ἓ
1499 2854 1629 2917 203
1705 2853 2060 2917 succedunt
2129 2855 2369 2930 ταχέως
2442 2844 2556 2934 γὰρ

311 2955 687 3033 ἐξίστασθαι
742 2952 818 3021 τὸ
873 2958 1028 3044 ζῷον
1080 2955 1280 3042 ἕαθέν
1333 2980 1404 3021 τε
1461 2961 1566 3023 καὶ
1624 2952 2011 3045 ὅλιγωρηθὲν
2056 2955 2145 3029 εἰς
2208 2962 2431 3021 κακίαν
2484 2978 2555 3020 τε

312 3067 420 3128 καὶ
464 3060 836 3149 φαυλότητα
883 3085 1031 3129 cum
1071 3068 1107 3148 ξ
1159 3069 1285 3130 174
1332 3059 1689 3151 ἱβριστικὸν
1741 3060 1857 3151 γὰρ
1913 3059 1991 3151 δὴ
2037 3061 2231 3147 φύσει·
2270 3059 2346 3127 τὸ
2404 3064 2555 3149 ζῷον

314 3168 564 3252 ἔφασαν
607 3163 786 3235 εἶναι.
880 3174 969 3236 At
1013 3174 1230 3237 multis
1277 3174 1399 3266 hoo
1435 3175 1735 3256 persequi
1782 3194 1910 3236 non
1960 3179 2056 3237 est
2100 3193 2275 3256 opus.
2368 3172 2557 3235 Prae-

314 3283 440 3343 stat
492 3279 862 3363 intellegere
925 3281 1231 3345 inferiora
1293 3300 1567 3364 quoque,
1632 3282 1669 3361 ξ
1717 3281 1847 3343 204
1873 3298 1953 3361 SS,
2019 3281 2347 3363 scriptoris
2416 3298 2555 3343 esse

311 3405 418 3449 res
474 3387 799 3469 aptissime
859 3388 1226 3452 ordinantis.
1333 3388 1456 3464 Qui
1519 3385 1858 3470 postquam
1925 3386 2352 3452 instituendos
2418 3406 2555 3451 esse

315 3495 608 3557 homines
652 3494 960 3577 probavit,
1008 3495 1204 3557 totius
1259 3532 1333 3541 —-
1383 3490 1669 3557 καθόλου
1719 3496 1879 3559 dicit
1926 3496 1963 3577 ξ
2011 3496 2140 3557 204
2187 3515 2243 3578 p.
2287 3496 2431 3575 145,
2474 3496 2555 3558 10

313 3601 391 3664 N.
423 3638 506 3647 —
546 3602 947 3665 educationis
993 3602 1319 3685 significat
1339 3622 1657 3724 scopum:
1706 3595 2123 3686 εὐλαβεῖσθαι
2167 3594 2282 3685 τὴν
2329 3594 2559 3685 ἡδοντῗν

478 3700 700 3771 ,αλλὰ
742 3704 1035 3830 μάλιστα
1063 3708 1184 3789 μὲν
1229 3702 1390 3795 πρὸς
1433 3703 1508 3771 τὸ
1545 3704 1739 3772 καλόν
1782 3731 1854 3773 τε
1907 3711 2011 3772 καὶ
2058 3705 2376 3793 ευσχημον
2420 3707 2556 3791 βλέ-

315 3835 549 3887 ποντες
614 3811 924 3901 πράττειν
999 3807 1035 3877 ό
1099 3808 1176 3879 ἂν
1239 3803 1278 3902 ᾖ
1351 3820 1685 3900 πρακτέον,
1766 3812 2063 3901 δεύτερον
2126 3814 2195 3878 δὲ
2260 3809 2421 3901 πρὸς
2483 3810 2558 3877 τὸ

318 3927 644 4007 συμφέρον
686 3942 759 3985 τε
795 3924 900 3986 καὶ
937 3915 1304 4005 ὠφέλιμον·
1370 3923 1507 3999 Quo
1545 3924 1962 3987 fundamento
2008 3925 2175 3987 iacto
2220 3923 2384 3986 nihil
2430 3925 2554 3987 iam

316 4029 584 4113 impedit
647 4031 990 4111 quominus
1056 4030 1133 4093 ad
1201 4030 1452 4113 singula
1525 4032 1801 4114 scriptor
1873 4034 2152 4093 transeat
2220 4035 2560 4113 praecepta

318 4137 765 4220 percurrenda.
856 4137 1107 4201 Horum
1152 4140 1359 4221 prima
1401 4157 1526 4220 quo
1576 4137 1890 4201 tendunt?
1983 4138 2148 4220 Περὶ
2195 4140 2305 4221 τῆς
2351 4153 2556 4217 σωμα-

317 4246 488 4330 τικῆς
557 4238 1022 4329 ὀνομαζομένης
1083 4243 1440 4324 ἐπιθυμίας
1504 4246 1772 4307 τοιαῦτα
1834 4242 2036 4322 λέγειν
2104 4239 2351 4323 ἔφασαν
2413 4236 2559 4314 τοὺς

321 4347 547 4438 ἄνδρας
584 4348 874 4423 ἐκείνους.
964 4352 1406 4435 Intellegimus
1439 4352 1505 4413 id
1545 4357 1736 4435 caput
1767 4370 1911 4416 eum
1957 4369 2095 4414 esse
2126 4355 2559 4433 tractaturum,
