3200 5050
1216 405 1300 422 —-
1392 370 1657 433 39.—

311 568 462 647 post
503 565 562 629 si
605 565 838 647 legeris
875 565 1126 644 λέγεται
1171 563 1242 629 δὲ
1285 567 1392 630 καὶ
1437 559 1590 630 τάδε
1628 567 1783 648 περὶ
1812 568 1932 629 τῶν
1961 567 2442 651 Πυθαγορείων,
2474 558 2553 638 ὥς

311 666 464 733 οὔτε
529 668 832 757 οἰκέτην
901 665 1201 735 ἐκόλασεν
1269 665 1490 744 οίθεὶς
1555 665 1765 736 adrev
1832 665 1965 736 ὑπὸ
2030 665 2210 758 ὀργῆς
2254 667 2551 752 ἐχόμενος

311 771 464 840 οὔτε
511 781 637 840 τῶν
681 774 1112 864 ἐλευθέρων
1156 775 1545 864 ἐνουθέτησέ
1575 801 1734 862 τινα,
1783 771 1914 842 ἀλλ’
1954 771 2255 859 ἀνέμενεν
2292 775 2551 850 ἕκαστος

308 876 432 968 τὴν
467 878 576 968 τὴς
622 884 904 973 διανοίας
950 878 1480 949 ἀποκατάστασιν.
1554 881 1821 949 ἐκάλουν
1864 885 1935 949 δὲ
1961 878 2037 947 τὸ
2064 889 2397 949 νουθετεῖν
2420 906 2549 949 πε-

309 991 614 1074 δαρτᾶν.
661 991 831 1075 Ergo
864 992 942 1054 ab
972 993 1168 1057 altero
1207 992 1404 1057 altera
1432 998 1689 1075 recepta
1718 997 1883 1074 sunt,
1910 993 2063 1056 ordo
2094 999 2380 1057 servatus
2409 1011 2549 1057 esse

314 1098 572 1161 videtur
635 1099 736 1162 vel
783 1100 1176 1164 Aristoxeni.
1268 1099 1392 1164 Sed
1451 1099 1805 1164 redibimus
1851 1099 1995 1164 huc.
2086 1099 2309 1164 Restat
2350 1104 2425 1162 ut
2469 1119 2553 1164 ex

313 1206 412 1268 eis
461 1225 622 1288 quae
690 1206 858 1289 apud
923 1207 1296 1270 alterutrum
1345 1211 1590 1269 tantum
1637 1206 1942 1290 leguntur
1987 1206 2330 1291 Porphyrii
2378 1207 2415 1288 ἓ
2464 1209 2553 1271 35.

309 1311 404 1378 in.
453 1331 604 1374 cum
647 1312 876 1375 Jambl.
926 1314 963 1394 ἓ
1015 1313 1140 1376 196
1187 1313 1628 1393 contendatur,
1680 1313 1914 1377 Laertii
1954 1314 1990 1394 ἕ
2029 1313 2107 1376 19
2146 1306 2339 1398 στολὴ
2378 1306 2551 1398 αὐτῷ

310 1412 523 1504 λευκή,
570 1411 832 1513 καθαρὰ
878 1439 1026 1482 011111
1072 1420 1115 1483 J
1117 1419 1303 1483 ambl.
1351 1423 1388 1499 ξ
1440 1421 1566 1483 100
1614 1440 1675 1502 p.
1723 1421 1825 1502 73,
1869 1421 1947 1484 12
1990 1419 2065 1484 N.
2149 1419 2320 1496 Quin
2358 1421 2547 1484 etiam

314 1544 390 1588 ea
435 1545 506 1590 re
549 1523 776 1590 intima
824 1528 1234 1609 cognoscitur
1279 1527 1685 1591 necessitudo
1725 1527 1897 1609 quod
1934 1533 2157 1592 auctor
2191 1526 2431 1592 Laertii
2450 1528 2489 1591 1.
2509 1529 2549 1592 1.

313 1632 690 1697 Aristoxeni
754 1632 908 1732 (vid.
970 1633 1204 1697 Jambl.
1253 1636 1289 1715 ξ
1341 1634 1496 1697 100·
1526 1635 1676 1716 ext)
1740 1625 1905 1697 εἶναι
1968 1623 2057 1696 δὲ’
2082 1627 2164 1696 τὰ
2209 1628 2549 1720 στρώματα

311 1733 535 1819 ἱμάτια
580 1739 750 1803 λινᾶ·
794 1740 1038 1826 κῳδίοις
1081 1733 1198 1826 γὰρ
1243 1733 1319 1802 οὐ
1365 1743 1643 1827 χρῆσθαι
1690 1761 1838 1805 011111
1878 1742 2253 1824 corrigenda
2289 1741 2553 1806 duceret

311 1847 570 1929 scripsit
631 1841 974 1933 στρώματα
1041 1841 1236 1911 λευκὰ
1311 1839 1382 1922 ἒξ
1441 1840 1653 1933 ἐρίων·
1725 1841 1807 1910 τὰ
1874 1841 1989 1934 γὰρ
2045 1847 2187 1911 λινᾶ
2232 1844 2415 1912 οὔπω
2462 1846 2552 1920 εἷς

309 1948 588 2025 εκείνους
652 1946 879 2036 ἀφῖκτο
941 1947 1089 2027 τούς
1151 1949 1406 2026 τόπους.
1500 1955 1740 2037 Haec¹)
1786 1960 1941 2018 sunt
1984 1956 2279 2039 exempla
2322 1957 2549 2039 capitis

299 2061 673 2142 ,superioris

495 2167 670 2244 Quae
692 2168 1076 2250 quibuscum
1106 2170 1480 2233 Aristoxeni
1507 2169 1877 2252 fragmentis
1910 2173 2090 2232 erant
2121 2139 2548 2234 conferenda?

311 2273 476 2338 Cum
504 2275 657 2338 solis
689 2277 782 2338 eis
811 2295 974 2357 quae
995 2279 1151 2340 Βίου
1173 2276 1629 2360 Πυθαγορικοῦ
1650 2277 1874 2340 relicta
1902 2295 2041 2340 esse
2073 2276 2548 2359 interpretando

311 2399 506 2464 supra
570 2383 787 2445 studui
854 2383 1204 2448 ostendere.
1323 2383 1419 2447 Ea
1481 2386 1655 2448 enim
1718 2403 1787 2447 re
1863 2388 2168 2467 excerpta
2241 2383 2549 2467 Diogenis

309 2489 643 2572 utriusque
691 2489 768 2554 ab
817 2492 912 2555 018
959 2490 1202 2569 differe,
1251 2492 1418 2575 quod
1469 2510 1633 2573 quae
1682 2491 1759 2555 de
1807 2490 2171 2575 Pythagora
2218 2510 2344 2555 uno
2390 2491 2548 2572 18118,

308 2596 412 2659 1118
485 2596 564 2659 (10
637 2598 855 2660 schola
935 2604 1230 2661 narratur
1297 2604 1442 2680 tota,
1511 2618 1667 2661 num
1732 2604 1830 2663 est
1892 2600 2168 2662 mirum?
2260 2598 2361 2662 Ex
2425 2618 2547 2662 usu

307 2704 534 2766 aetatis
581 2703 1026 2787 compilatores
1071 2706 1300 2770 fecere.
1393 2705 1853 2769 Reminiscaris
1891 2707 2061 2769 enim
2100 2706 2336 2768 factum
2376 2705 2547 2769 idem

307 2828 450 2873 esse
512 2811 580 2873 in
626 2811 984 2894 Jamb1§§
1034 2814 1116 2877 64
1138 2832 1201 2875 88
1249 2817 1313 2876 et
1373 2813 1496 2876 110
1560 2814 1721 2895 ipsis
1784 2813 2155 2895 fragmentis
2221 2815 2549 2895 ceteroqui

305 2917 620 2999 genuinis

488 3026 577 3087 At
630 3026 782 3107 quid
847 3026 957 3089 illo
1015 3026 1211 3090 altero
1260 3027 1464 3109 capite
1523 3026 1893 3089 faciendum
1948 3027 2119 3108 quod
2165 3046 2239 3089 eo
2287 3027 2547 3091 nomine

309 3150 348 3193 a
391 3132 719 3213 superiore
785 3138 974 3197 antea
1021 3134 1436 3217 cognovimus
1484 3133 1811 3196 diversum
1858 3134 2029 3215 quod
2075 3133 2169 3195 ibi
2216 3134 2295 3198 de
2343 3134 2547 3216 philo-

306 3236 493 3319 sophi
539 3239 824 3301 moribus
869 3258 945 3303 ac
991 3240 1141 3321 vita,
1188 3240 1295 3303 hic
1341 3239 1538 3303 verba
1581 3240 1755 3302 fiunt
1792 3240 1869 3302 de
1907 3241 2306 3323 praeceptis?
2373 3236 2547 3302 Num

306 3344 432 3407 hoc
519 3343 865 3409 discrimen
953 3347 1320 3410 etiamnunc
1394 3348 1586 3410 inane
1663 3351 1727 3410 et
1800 3346 2140 3409 fortuitum
2223 3346 2544 3411 creditur?

305 3448 537 3515 Nonne
604 3452 724 3515 hac
788 3454 930 3535 ipsa
985 3472 1055 3517 re
1103 3472 1299 3536 supra
1342 3454 1528 3517 nobis
1576 3455 1753 3518 visae
1800 3458 1952 3517 sunt
1996 3454 2285 3518 diversae
2333 3460 2371 3515 a
2415 3456 2545 3537 Βίῳ

304 3552 715 3638 ἍποφάσειςΡ
808 3559 970 3622 Nam
1027 3579 1175 3623 cum
1222 3560 1774 3644 Pythagoreorum
1836 3562 2003 3624 vitae
2051 3579 2260 3624 mores
2308 3560 2546 3643 depicti

187 3650 190 3653 ⁴
307 3666 516 3748 capite
583 3668 911 3749 superiore
975 3668 1118 3748 sint,
1176 3671 1505 3750 tamquam
1561 3669 1617 3731 si
1675 3686 1843 3730 unus
1889 3668 2164 3751 insignis
2212 3668 2304 3732 eis
2349 3668 2547 3732 fuerit

303 3770 716 3854 Pythagoras,
761 3793 918 3835 num
965 3773 1140 3836 aliud
1187 3779 1484 3856 putemus
1531 3773 1844 3848 accidisse
1891 3776 1960 3836 in
2005 3775 2309 3838 inferiore
2358 3776 2545 3837 cuius

305 3877 631 3940 simillima
685 3878 882 3943 fuerit
942 3898 1157 3943 rerum
1207 3880 1531 3943 conditio?
1624 3880 1847 3963 Itaque
1895 3886 2028 3944 tum
2067 3881 2325 3944 demum
2371 3886 2543 3945 recte

485 4056 527 4123 ¹)
567 4053 720 4109 Nam
757 4053 967 4126 Porph.
1005 4055 1092 4125 36,
1129 4054 1320 4111 Laert.
1357 4054 1429 4109 20
1465 4060 1578 4110 etsi
1616 4073 1799 4111 unum
1836 4055 2157 4111 frustulum
2209 4073 2543 4129 comparare

303 4142 512 4196 saltem
547 4143 686 4199 licet
722 4160 856 4197 cum
881 4142 924 4197 J
926 4144 1098 4198 ambl.
1127 4144 1197 4198 98
1224 4145 1478 4215 γίνεσθαι
1515 4142 1745 4205 σπονδάς
1780 4163 1837 4198 τε
1874 4146 1965 4201 καὶ
2002 4152 2193 4205 θυσίας
2220 4140 2543 4217 θυλημοέτων

302 4248 361 4283 τε
397 4232 489 4283 καὶ
525 4233 826 4302 λιβανωτοῦ,
881 4237 1079 4288 tamen
1133 4232 1264 4288 fieri
1301 4238 1403 4289 vix
1454 4238 1648 4305 potest
1692 4239 1762 4288 ut
1805 4251 1953 4305 quae
1999 4239 2248 4289 strictim
2294 4250 2542 4289 comme-

303 4324 528 4374 morata
563 4326 683 4376 sint
719 4320 1025 4393 peculiaris
1062 4327 1466 4394 excerptorum
1504 4323 1745 4395 capit-uli
1780 4322 1914 4378 fons
1948 4323 2185 4380 fuerint.
