3200 5050
1241 376 1687 438 ..43—

345 570 891 653 Pythagoreorum
950 570 1406 636 describendae
1463 571 1799 635 exordium
1845 571 1939 649 fit,
1997 571 2129 636 diei
2174 591 2431 636 cursum
2477 570 2586 636 de·

345 677 748 742 scribendem
797 696 936 742 esse
995 682 1218 741 auctor
1259 678 1480 742 nescio
1537 679 1683 759 quis
1728 677 1984 742 videtur
2026 678 2332 761 polliceri.
2423 677 2586 742 Nam

345 783 535 866 paulo
591 790 813 867 postea
865 784 1158 850 conditor
1211 784 1467 849 scholae
1522 784 1850 848 inducitur
1902 776 1973 846 ἐν
2026 783 2217 870 ἱεροῖς
2273 776 2312 846 iv*
2372 779 2586 848 ἄλσεσι

345 893 743 974 περιπατῶν.
854 890 974 956 Sed
1041 890 1346 955 fallimur.
1386 891 1673 955 fortasse.
1752 885 1973 967 Quid?
2066 890 2294 956 Nonne
2358 891 2587 954 similis

349 997 606 1061 consilii
657 998 903 1061 indicia
960 1003 1112 1062 sunt
1167 999 1206 1080 ξ
1254 999 1338 1061 34
1393 1000 1505 1082 τῆς
1560 996 1631 1061 δὲ
1686 997 1928 1082 διαίτης
1979 989 2054 1060 τὸ
2112 995 2233 1078 μὲν
2280 993 2589 1082 ἄριστον

348 1090 426 1187 ἦν
470 1107 693 1189 ’κηρίον
744 1096 785 1164 ὃ
839 1104 1002 1187 μέλι,
1059 1105 1377 1168 δεῖπνον
1433 1105 1494 1168 δ’
1539 1100 1725 1189 ἄρτος
1779 1104 1851 1168 ἐκ
1904 1105 2221 1189 κέγχρωνέ
2312 1103 2409 1168 Νο
2466 1105 2589 1168 1100

347 1212 611 1292 quidem
667 1213 966 1278 sufficiat.
1056 1213 1200 1276 Jam
1259 1212 1430 1294 quod
1486 1213 1556 1274 in
1603 1212 1949 1274 summario
1994 1211 2237 1274 factum
2300 1229 2437 1275 esse
2484 1229 2589 1273 su-

347 1319 688 1400 spicamur,
733 1319 799 1380 id
844 1317 1140 1382 firmatur
1181 1318 1408 1382 Jambl.
1461 1319 1498 1400 ξ
1543 1317 1626 1380 96
1674 1317 1751 1381 ad
1794 1318 1938 1381 100.
2030 1317 2201 1400 Ergo
2248 1322 2314 1382 et
2356 1317 2589 1400 quibus

351 1425 556 1507 unica,
597 1427 888 1507 quamvis
926 1425 1146 1489 multis
1182 1425 1374 1488 rebus
1412 1424 1685 1507 singulis
1715 1425 2103 1507 perscriptiS‚
2152 1424 2405 1506 qualem
2454 1443 2591 1488 cor-

349 1551 573 1614 porum
640 1532 1029 1615 Pythagorei
1097 1532 1457 1614 habuerint,
1534 1551 1691 1595 cura
1758 1532 2141 1614 depingitur,
2216 1530 2592 1614 paragraphi

353 1637 579 1721 Porph.
627 1640 714 1702 34
759 1639 868 1720 (cf.
915 1638 1120 1703 Laert.
1175 1639 1281 1716 19)
1330 1638 1405 1701 ad
1457 1640 1540 1703 35
1589 1638 1753 1702 med.
1801 1636 1899 1720 (L.
1946 1637 2024 1700 ad
2073 1639 2157 1701 20
2216 1637 2595 1722 πεδαρτᾶν),

349 1750 416 1809 et
470 1765 598 1827 qua
654 1765 770 1828 par
821 1745 1078 1810 habitus
1133 1745 1355 1826 animi,
1412 1746 1449 1823 ξ
1497 1746 1582 1807 35
1642 1750 1765 1808 ext.
1822 1744 2124 1826 (eundem
2186 1763 2591 1827 progressum

347 1851 580 1916 Jambl.
626 1853 784 1916 facit
809 1853 849 1934 ξ
886 1852 1058 1935 196),
1101 1852 1480 1916 inserendae
1527 1858 1679 1916 sunt
1712 1853 1881 1914 inter
1918 1853 1956 1933 ξ
1987 1852 2070 1914 32
2102 1857 2261 1915 extr.
2292 1857 2356 1916 et
2388 1853 2470 1914 33
2501 1852 2593 1914 in.

533 1958 851 2023 Maximus
907 1964 1004 2023 est
1057 1977 1286 2041 operae
1343 1959 1533 2022 huius
1588 1960 1853 2024 fructus,
1959 1958 2247 2022 Primum
2304 1957 2594 2040 perlegas

347 2066 442 2128 ita
489 2084 653 2147 quae
699 2066 1002 2130 continua
1049 2065 1218 2130 facta
1261 2071 1414 2128 sunt
1445 2066 1481 2146 ἓ
1517 2066 1599 2128 35
1633 2071 1793 2130 extr.
1842 2056 1881 2149 ἥ
1924 2085 1997 2127 τε
2039 2057 2215 2149 ψυχὴ
2261 2057 2335 2127 τὸ
2372 2056 2595 2144 ὅμοιον

347 2157 513 2243 ἔθος
560 2165 660 2234 ἀεὶ
706 2165 1076 2257 παρεδήλου
1125 2209 1192 2218 -
1241 2172 1402 2236 haec
1449 2173 1770 2236 sententia
1814 2171 2123 2234 familiam
2172 2171 2352 2235 ducit
2396 2207 2481 2218 —-
2530 2176 2595 2235 et

351 2280 390 2360 ξ
439 2280 522 2342 33
570 2280 656 2342 in.
703 2272 850 2350 τούς
895 2276 966 2342 δὲ
1007 2278 1235 2360 φίλους
1279 2271 1693 2364 ὖπερηγοῖπατ
1774 2278 2050 2342 eundem
2108 2278 2397 2343 ordinem
2451 2277 2594 2342 red-

347 2386 830 2468 integravimus,
879 2405 1004 2468 quo
1055 2385 1238 2450 valde
1287 2404 1538 2449 eramus
1585 2385 1901 2466 delectati,
1950 2405 2098 2448 cum
2139 2385 2591 2466 ι10111111ξ196

349 2493 431 2557 ad
481 2493 608 2559 198
655 2493 741 2558 in.
791 2513 936 2559 oum
985 2493 1115 2557 234
1140 2511 1204 2557 ss
1251 2493 1616 2558 videremus
1662 2511 1801 2557 esse
1850 2492 2254 2576 copulandas,

532 2601 887 2665 Pretiosius
953 2600 1239 2664 alterum.
1331 2599 1698 2683 Suspicioni
1760 2599 1863 2663 vel
1928 2599 1996 2661 id
2061 2599 2233 2662 haud
2277 2599 2406 2662 levi
2453 2618 2593 2664 esse

349 2709 576 2790 potuit,
623 2707 814 2789 quod,
859 2708 1232 2789 priusquam
1277 2706 1737 2789 particularum
1784 2706 2072 2769 traiectio
2120 2726 2158 2769 a
2201 2706 2388 2769 nobis
2423 2706 2596 2771 facta

349 2819 464 2895 est,
513 2813 699 2897 plane
744 2813 962 2876 nullus
1008 2814 1132 2877 fuit
1178 2814 1291 2894 qui
1339 2833 1376 2876 a
1423 2814 1460 2893 ς’
1507 2814 1592 2877 32
1643 2812 1871 2895 Porph.
1919 2812 2001 2875 ad
2049 2813 2151 2893 33,
2219 2812 2297 2876 ab
2346 2812 2467 2876 hac
2512 2813 2594 2876 ad

351 2920 437 2982 34
475 2920 807 2983 institutus
836 2925 972 2983 erat
1005 2920 1324 2983 transitus.
1400 2918 1636 2983 Contra
1664 2938 1855 3000 quam
1886 2919 2209 2983 confertae
2238 2920 2591 2983 sententiae

353 3028 390 3107 ξ
437 3026 522 3089 33
570 3026 802 3108 ipsius!
902 3019 1068 3097 Τούς
1113 3024 1184 3087 δὲ
1228 3023 1452 3105 φίλους
1489 3018 1875 3109 ὑπερηγάπα
1920 3023 2041 3087 κεεῖ
2090 3025 2197 3087 καὶ
2252 3017 2594 3104 ὑγιαίνουσι

349 3131 470 3211 μὲν
515 3131 731 3203 αὐτοῖς
775 3124 876 3195 ἀεὶ
921 3132 1358 3216 συνδιέτριβεν,
1403 3127 1761 3211 κάμνοντας
1804 3130 1875 3195 δὲ
1919 3124 2001 3193 τὰ
2043 3129 2311 3211 σώματα
2364 3126 2594 3216 ἐθερά-

351 3258 570 3320 πευεν,
634 3240 735 3302 καὶ
801 3231 913 3309 τὰς
979 3231 1192 3324 ψυχὰς
1254 3241 1708 3323 παρεμυθεῖτο
1769 3230 1918 3309 τούς
1979 3236 2099 3317 μὲν
2152 3237 2435 3323 ἐπῳδαῖς
2486 3240 2593 3301 καὶ

350 3349 653 3426 μαγείαις,
699 3338 846 3416 τούς
891 3344 961 3408 δὲ
1005 3349 1291 3431 μουσικῇ.
1385 3346 1506 3410 sed
1566 3346 1722 3427 quid
1780 3346 1943 3409 110οΡ
2037 3346 2182 3409 Uno
2237 3345 2379 3409 1000
2426 3364 2593 3419 ,usus

351 3452 710 3516 medicinae
757 3456 946 3534 atque
992 3454 1316 3516 musicae?
1410 3453 1593 3517 Subit
1639 3453 1934 3535 cogitatio
1984 3453 2063 3534 ἐξ
2107 3454 2229 3516 163
2252 3472 2315 3515 ss
2360 3452 2592 3515 Jambl.

351 3559 815 3623 Successerunt
860 3560 1054 3641 igitur
1098 3559 1217 3621 hae
1265 3560 1598 3623 interiecto
1658 3560 1874 3623 nescio
1924 3579 2049 3642 quo
2109 3559 2443 3623 intervallo
2492 3579 2594 3622 ca-

351 3667 465 3750 piti
514 3667 570 3729 ei
619 3667 790 3747 quod
845 3667 971 3729 fuit
1024 3664 1104 3729 de
1159 3667 1450 3729 amicitia.
1542 3665 1837 3730 Laertius
1896 3666 1973 3730 de
2038 3667 2372 3747 utriusque
2421 3665 2597 3729 siluit

351 3775 504 3837 artis
549 3773 746 3836 cultu.
839 3774 964 3837 Sed
1009 3772 1119 3835 ubi
1168 3793 1372 3855 pauca
1417 3773 1496 3838 de
1536 3774 1635 3837 his
1673 3775 1979 3856 apposuit,
2028 3773 2136 3855 ibi,
2175 3774 2346 3854 §20,
2394 3773 2595 3854 scrip-

352 3881 435 3945 sit
477 3883 806 3965 μαντικῇ
852 3901 922 3942 τε
969 3878 1196 3964 ἐχρῆτο
1242 3880 1321 3966 τῇ
1368 3871 1471 3942 διὰ
1515 3883 1644 3942 τῶν
1686 3874 2005 3965 κληδόνων
2064 3900 2135 3943 τε
2180 3880 2285 3941 καὶ
2340 3876 2592 3958 οἰωνῶν,

351 3978 574 4071 ἥκιστα
639 3985 708 4049 δὲ
772 3978 876 4049 διὰ
937 3990 1064 4049 τῶν
1117 3981 1445 4071 ἐμπύρων,
1517 3982 1637 4061 ἔξω
1704 3987 1815 4071 τῆς
1879 3979 1981 4050 διὰ
2042 3980 2317 4069 λιβάνου.
2418 3986 2590 4049 Nihil

353 4095 592 4176 gratius
647 4094 1027 4175 necopinata
1080 4094 1228 4158 fide.
1319 4094 1556 4157 Recolo
1614 4094 2068 4176 pretiosissima
2116 4094 2344 4157 indicis
2400 4092 2593 4156 verba

354 4203 392 4282 ξ
444 4202 566 4263 163
632 4192 779 4271 τούς
840 4202 1327 4285 Πυθαγορείους
1387 4201 1580 4280 τιμᾶν
1643 4194 1949 4285 μουσικήν
2011 4220 2082 4263 τε
2146 4202 2253 4263 καὶ
2309 4192 2596 4283 ἰατρικῖν

351 4308 458 4370 καὶ
510 4300 816 4391 μαντικήν
872 4306 1164 4388 addoque
1221 4308 1598 4371 sententiam
1658 4327 1845 4388 quam
1904 4307 2054 4371 licet
2109 4308 2368 4371 minime
2433 4308 2594 4370 inte-
