3200 5050
1219 394 1653 456 ...31-

305 586 630 666 omnibuS,
689 587 768 651 de
822 606 892 651 re
947 588 1172 670 utique
1228 589 1290 652 ei
1345 588 1783 670 adstipuletur.
1874 590 2098 671 Itaque
2162 609 2291 652 non
2336 590 2555 652 incau-

303 698 452 756 tum
516 693 742 757 videor
808 692 1120 758 iudicium
1187 694 1358 758 ferre
1424 695 1799 760 Aristoxeni
1872 713 2009 760 esse
2076 695 2233 760 haec
2292 715 2553 778 ⁴quoque

308 819 478 881 quae
525 800 592 862 in
641 803 678 879 ξ
729 802 855 864 149
900 801 1312 865 inveniantur
1355 808 1660 886 προσεῖχε
1707 801 1777 865 δὲ
1820 803 1929 865 καὶ
1964 796 2207 886 φήμαις
2251 805 2357 866 καὶ
2401 823 2554 882 μαν-

309 909 511 977 τείαις
545 908 652 970 ’καὶ
686 901 982 993 κληδόσιν
1028 899 1185 979 ὅλως
1221 907 1382 973 πᾶσι
1416 915 1548 980 τοῖς
1586 901 1981 990 αὐτομάτοις.
2072 909 2347 974 Accedit
2382 910 2552 992 enim

310 1013 486 1094 quod
532 1015 598 1076 in
649 1014 988 1079 verborum
1026 1034 1247 1078 eorum
1286 1034 1572 1097 numerO,
1603 1016 1858 1097 ,quibus
1894 1016 2030 1098 regi
2077 1015 2186 1079 ille
2226 1017 2556 1079 enuntiata

306 1120 596 1210 iubebat,
635 1121 813 1184 velut
859 1116 1054 1206 ᾤοντο
1101 1121 1234 1184 δεῖν
1277 1123 1349 1184 in
1392 1115 1823 1204 Ἅποφάσεσιν,
1881 1115 2338 1205 ὑπελάμβανον
2382 1129 2553 1186 utro-

313 1227 524 1308 bique,
587 1228 922 1310 similibuS,
970 1228 1335 1292 ducendum
1391 1233 1488 1292 est
1541 1230 1735 1293 etiam
1780 1229 1941 1294 illud
1994 1237 2338 1313 προσεῖχον
2384 1229 2549 1312 quod

309 1352 488 1412 more
536 1353 650 1398 suo
700 1335 736 1416 ξ
790 1335 913 1399 149
971 1340 1212 1398 auctor*
1250 1335 1713 1399 innumerum
1762 1336 2153 1419 singularem·
2211 1337 2553 1403 convertit:

309 1441 391 1504 cf.
441 1442 613 1504 enim
660 1443 696 1520 ξ
750 1442 874 1506 196
920 1449 1262 1525 προσεῖχον
1307 1434 1422 1526 γὰρ
1441 1471 1446 1474 -
1467 1423 1661 1521 οὗτοι,
1716 1435 1799 1504 τὰ
1854 1437 2119 1523 σώματα
2176 1434 2257 1514 ὥς
2304 1434 2381 1504 ἂν
2424 1442 2555 1506 κτλ.

309 1547 412 1611 Ne
459 1548 775 1612 eiusmodi
814 1549 1074 1630 quidem
1118 1549 1361 1612 indicia
1406 1550 1765 1632 spernenda
1812 1569 1951 1614 esse
1999 1550 2395 1614 confirmabo
2444 1569 2555 1614 ex-

310 1655 522 1737 emplo
569 1657 904 1720 contrario.
997 1655 1373 1738 Suspicetur
1410 1657 1731 1739 quispiam
1766 1656 1959 1720 rebus
1998 1675 2159 1738 quae
2197 1656 2556 1722 referantur

309 1761 600 1825 confisus
646 1763 1182 1846 paragrapborum
1235 1763 1359 1825 106
1401 1769 1465 1826 et
1504 1764 1626 1827 107
1668 1765 1755 1826 in.
1794 1764 1875 1826 ad
1919 1770 2273 1850 παρῃτεῖτο
2309 1764 2555 1826 Aristo-

311 1887 552 1932 xenum
627 1869 828 1934 fuisse
906 1875 1226 1934 auctorem
1287 1869 1661 1952 principem.
1772 1868 2225 1934 Confutaretur
2286 1869 2554 1933 vocibus

309 1967 793 2057 ἀπεδοκίμαζεν,
839 1971 1147 2056 ἐκέλευεν,
1193 1983 1563 2063 παρῃτεῖτο,
1616 1981 1832 2060 utpote
1869 1997 2145 2059 quorum
2186 1976 2437 2039 nullum
2483 1977 2553 2038 in

305 2083 686 2163 fragmentis
723 2082 862 2146 eius
901 2084 1072 2146 veris
1109 2102 1273 2164 quae
1312 2103 1440 2146 non
1476 2103 1682 2166 pauca
1721 2088 1872 2147 sunt
1906 2085 2275 2166 reperiatur.
2352 2081 2552 2146 Cuius

309 2190 406 2252 rei
465 2208 628 2271 quae
685 2208 879 2253 causa
931 2189 1127 2253 fuerit
1181 2196 1536 2254 memoratu
1591 2211 1722 2253 non
1775 2191 2133 2273 indignum.
2227 2189 2413 2253 Cavit
2468 2209 2553 2254 ne

307 2297 711 2378 arrogantius
747 2296 1136 2378 Pythagorei
1175 2297 1561 2360 iudicavisse
1599 2296 1987 2360 viderentur.
2078 2295 2390 2360 Praetulit
2434 2297 2553 2378 igi-

307 2408 416 2464 tur
445 2409 722 2485 -praeter
777 2421 852 2466 ea
896 2423 1165 2485 quorum
1215 2421 1408 2486 supra
1427 2459 1432 2464 .
1453 2403 1693 2466 mentio
1739 2402 1909 2466 facta
1964 2408 2060 2466 est
2104 2395 2551 2486 παρήγγελλον,

307 2530 370 2572 v.
419 2510 456 2591 ξ
506 2509 606 2573 99.
659 2510 802 2573 101.
851 2510 998 2590 241,
1045 2503 1550 2593 παρεκελεύοντο
1599 2510 1636 2592 ξ
1686 2510 1831 2572 204.
1883 2510 2029 2585 230,
2083 2501 2351 2593 ἡγοῦντο
2416 2509 2552 2573 scil.

304 2613 732 2701 ἐπιμελητέον
769 2616 937 2681 Stob.
965 2616 1128 2680 Flor.
1157 2618 1263 2693 43,
1301 2618 1404 2698 49,
1451 2612 1819 2696 ἐδοκίμαζον
1858 2618 1895 2698 ξ
1933 2617 2075 2680 100.
2120 2617 2243 2681 163
2278 2643 2363 2673 =
2402 2617 2576 2680 244:

315 2726 458 2789 176.
508 2725 631 2787 241
685 2724 938 2789 similia.
1032 2723 1210 2799 Quae
1258 2728 1492 2805 quanto
1541 2729 1691 2786 sunt
1734 2723 2119 2787 modestiora
2160 2722 2318 2786 illis!
2404 2723 2553 2787 Sec-

305 2836 584 2893 tatornm
631 2830 810 2913 gregi
857 2835 1091 2893 tantam
1149 2830 1601 2894 verecundiam
1658 2850 1783 2893 non
1845 2848 1984 2893 esse
2029 2829 2359 2912 probatam
2408 2831 2551 2911 quis

305 2938 620 3001 miretur?

487 3042 631 3106 Duo
668 3049 910 3107 restant
956 3063 1119 3126 quae
1165 3044 1452 3108 indiculo
1499 3044 1536 3125 ἓ
1574 3044 1695 3107 163
1745 3044 2055 3125 promissa
2096 3048 2247 3105 sunt
2272 3043 2551 3125 capitula
2590 3038 2593 3040 “
2646 3104 2649 3108 .

304 3169 485 3213 nunc
544 3169 578 3213 e
631 3150 913 3214 tenebris
967 3151 1429 3213 resuscitanda:
1503 3155 1532 3211 1
1588 3141 1947 3234 σιωπηλοὺς
2014 3141 2074 3211 δ’
2130 3140 2294 3211 εἶναι
2356 3150 2463 3212 καὶ
2509 3151 2547 3213 2

305 3250 713 3328 ἀκουστικοὺς
738 3258 843 3320 καὶ
870 3252 1284 3320 ἐπαινεῖσθαι
1314 3257 1467 3340 παρ’
1506 3248 1722 3327 αὐτοῖς
1750 3248 1862 3318 τὸν
1889 3249 2241 3335 δυνάμενον
2273 3248 2548 3320 ἀκοῖσαι.

313 3364 664 3445 Utriusque
727 3365 1002 3445 vestigia
1065 3382 1343 3446 agnosco
1401 3364 1472 3425 in
1531 3362 1573 3447 ἓ
1627 3366 1728 3427 94.
1821 3363 2011 3427 Unde
2065 3384 2213 3427 cum
2274 3364 2549 3446 primum

304 3470 565 3552 dempta
617 3476 766 3533 sunt
813 3488 976 3551 quae
1024 3471 1214 3533 homo
1260 3490 1390 3534 non
1439 3470 1780 3533 admodum
1826 3470 2109 3552 prudens
2156 3469 2547 3534 alienissimo

301 3577 450 3640 loco
499 3578 881 3661 interposuit
925 3571 1185 3639 ἐσκόπει
1231 3576 1302 3639 δὲ
1346 3578 1452 3639 καὶ
1497 3597 1554 3659 p.
1606 3577 1707 3657 69,
1756 3577 1838 3639 22
1887 3577 1965 3639 ad
2013 3574 2233 3657 φιλίαν
2269 3596 2326 3659 p.
2367 3577 2467 3653 70,
2507 3578 2545 3641 2

303 3684 503 3747 simul
565 3704 711 3747 cum
771 3680 998 3747 ἔπειτα
1045 3681 1112 3746 εἴ
1149 3680 1310 3746 εἰσιν
1355 3683 1431 3746 ad
1479 3681 1697 3746 λαλεῖν
1764 3704 1826 3766 p.
1875 3684 1975 3765 69,
2033 3686 2113 3747 21
2169 3686 2225 3763 5,
2274 3703 2546 3765 quorum

304 3810 429 3873 ope
492 3791 931 3873 superioribus
995 3792 1119 3853 ista
1179 3791 1562 3854 adnexuerit
1626 3792 1941 3855 sententia
2016 3791 2339 3873 superiore
2409 3792 2549 3873 ipsa

304 3898 572 3961 moleste
619 3898 864 3975 iterata,
908 3898 1272 3961 restitutum
1323 3916 1461 3961 esse
1509 3898 1797 3961 ordinem
1831 3897 2173 3979 pristinum
2213 3916 2399 3960 nemo
2451 3905 2549 3961 est

305 4006 466 4085 quin
517 4004 854 4068 confestim
902 4025 982 4068 ex
1035 4010 1410 4087 argumento
1461 4004 1735 4087 colligat.
1828 4003 2319 4068 Consideremus
2373 4006 2545 4068 enim

306 4110 468 4192 quid
515 4111 911 4192 Pythagoras
958 4112 1266 4173 nimirum
1314 4112 1452 4193 ipse
1499 4112 1822 4174 censuerit
1866 4104 2123 4174 ἐσκόπει
2161 4107 2222 4173 εἰ
2248 4105 2547 4173 δύνανται

303 4212 756 4296 ἐχεμυθεῖν·
802 4210 1006 4301 τούτῳ
1053 4210 1169 4300 γὰρ
1215 4209 1291 4301 δὴ
1339 4218 1443 4279 καὶ
1489 4212 1716 4301 ἐχρῆτο
1761 4220 1851 4301 τῷ
1898 4209 2184 4295 ὅνόματι·
2239 4218 2344 4279 καὶ
2387 4218 2545 4278 καθ-

302 4316 474 4407 εώρα
535 4320 595 4386 εἰ
636 4317 1073 4403 μανθάνοντες
1137 4315 1255 4385 ὅσα
1303 4316 1378 4385 ἂν
1445 4316 1793 4386 ἀκούσωσιν
1841 4310 1970 4385 οἶοί
2009 4342 2079 4384 τε
2112 4319 2267 4385 εἰσιν
2297 4324 2545 4385 σιωπᾶν
