3200 5050
1178 393 1570 467 „252³-

257 599 459 682 igitur
502 600 705 664 habeo
752 601 831 664 ad
867 600 1298 684 Porphyrium
1346 619 1423 664 ea
1457 601 1712 664 venisse
1759 622 1888 665 non
1934 603 2218 666 Antonio
2265 621 2495 684 suppe-

259 707 523 772 ditante.
615 707 825 784 Quid?
864 708 1051 790 quod,
1098 708 1221 771 hoc
1258 709 1315 770 si
1350 727 1574 772 verum
1615 712 1724 790 est,
1762 709 2068 773 facillime
2104 709 2498 791 intellegitur

259 833 381 878 cur
423 813 574 898 §44
624 814 836 878 verbis
892 813 1287 900 ἱστοροῦσι
1335 807 1393 877 δ’
1422 806 1617 877 αὐτὸν
1665 806 2082 900 ἄπαγορειέιν
2126 809 2202 878 τὸ
2245 818 2497 878 τοιοῦτο

257 941 500 984 novum
539 941 577 983 a
610 940 677 984 se
714 921 937 984 induci
973 926 1199 985 testem
1236 921 1345 986 ille
1384 921 1783 985 confiteatur.
1875 922 2040 985 Nam
2078 923 2135 985 si
2171 923 2498 1005 superiora

260 1028 467 1093 eidem
518 1027 856 1108 debuisset7
904 1048 1033 1091 non
1081 1030 1282 1112 magis
1328 1029 1436 1092 hic
1485 1048 1674 1110 quam
1725 1030 1762 1110 ξ
1804 1030 1883 1093 42
1919 1030 2002 1092 in.
2053 1048 2210 1112 opus
2258 1033 2392 1092 erat
2428 1033 2500 1091 ut

260 1154 427 1217 quae
476 1135 787 1217 cuiusque
836 1139 1049 1198 essent
1094 1136 1287 1199 anxie
1335 1135 1864 1200 discernerentur.

438 1241 706 1306 Peracta
761 1247 858 1304 est
912 1243 1216 1324 quaestio.
1317 1241 1483 1305 Nam
1551 1242 1664 1305 ubi
1728 1242 2139 1306 Aristotelica
2197 1242 2264 1304 in
2335 1241 2497 1305 libro

260 1349 531 1422 Antonii
586 1368 717 1412 non
772 1350 969 1412 fuisse
1017 1349 1517 1444 demonstratum
1564 1355 1677 1432 est,
1732 1368 1814 1413 ne
1863 1351 1899 1432 ξ
1949 1350 2031 1412 36
2082 1349 2341 1431 quidem
2388 1367 2498 1414 ex-

259 1460 462 1520 trema
507 1445 703 1520 verba
748 1447 865 1519 ὅσα
909 1477 975 1535 γε
1020 1449 1150 1541 μὴν
1193 1455 1319 1520 κτὲ.
1372 1475 1571 1538 usque
1629 1456 1707 1519 ad
1763 1455 2151 1537 συμβολικῶς
2207 1449 2499 1542 παρῄνει,

260 1563 499 1646 quippe
549 1582 711 1645 quae
760 1563 1048 1646 praefixa
1105 1563 1237 1626 sint
1281 1570 1355 1627 ut
1399 1565 1591 1628 etiam
1639 1563 1895 1628 illorum
1941 1563 2274 1627 introitum
2321 1555 2499 1647 prae'-

260 1674 502 1754 parent,
557 1670 713 1734 huic
768 1669 974 1733 danda
1030 1675 1181 1733 sunt
1236 1671 1347 1734 sed
1394 1670 1751 1754 Porphyrio
1809 1671 1920 1752 qui
1978 1670 2104 1733 duo
2153 1671 2350 1734 altera
2397 1690 2499 1734 ca-

258 1779 396 1860 pita
441 1779 694 1861 corpori
739 1778 1280 1861 paragraphorum
1328 1778 1409 1842 32
1435 1797 1497 1841 ss
1536 1778 1614 1841 ad
1656 1778 1738 1840 36
1789 1769 2230 1848 ἆπαλωτάτοις
2276 1777 2500 1841 adiun-

260 1884 472 1968 genda
524 1885 647 1947 isto
713 1883 900 1948 modo
966 1886 1355 1948 conexuerit
1457 1884 1638 1948 Idem
1692 1886 2008 1948 sententia
2065 1885 2102 1966 ἓ
2151 1885 2230 1947 37
2291 1877 2502 1947 διττὸν

259 1985 378 2078 γὰρ
412 1977 491 2076 ἧν
536 1984 735 2054 αὐτοῦ
778 1995 890 2063 τῗς
935 1989 1337 2063 διδασκαλίας
1379 1984 1448 2054 τί
1502 1995 1741 2077 σχῆμα·
1786 1993 1892 2054 καὶ
1935 1995 2063 2054 τῶν
2106 1986 2501 2078 προσιίντων

262 2097 325 2162 οἱ
376 2097 493 2177 μὲν
549 2094 890 2161 ἐκαλοῦντο
946 2101 1405 2185 μαθηματικοί,
1468 2098 1529 2162 οἱ
1588 2092 2094 2181 δ’ἄκουσματικοὶ
2152 2119 2280 2182 eqS,
2337 2118 2500 2181 quae

262 2211 471 2270 aetate
518 2207 658 2269 eius
706 2205 1121 2271 celeberrima
1168 2211 1233 2270 et
1276 2207 1794 2270 commodissima
1840 2207 1968 2269 fuit
2009 2242 2089 2252 —
2145 2205 2224 2269 cf.
2272 2205 2314 2269 J
2315 2203 2500 2268 ambl.

262 2313 391 2376 Vit.
438 2311 627 2394 Pyth.
677 2314 714 2395 ἓ
762 2313 865 2395 81,
934 2313 1037 2376 82.
1108 2312 1307 2377 Idem
1372 2314 1451 2378 de
1514 2334 1742 2378 comm.
1807 2315 1999 2376 math.
2047 2333 2131 2376 sc.
2182 2333 2234 2377 c.
2284 2313 2367 2375 25
2415 2312 2500 2374 in.

260 2420 444 2484 Idem
490 2420 659 2503 apud
708 2419 878 2486 stob.
915 2419 1048 2484 Ecl.
1097 2420 1129 2482 I
1176 2421 1279 2498 49,
1328 2422 1410 2484 32
1459 2443 1517 2505 p.
1568 2423 1697 2484 364
1745 2419 1854 2501 W3
1907 2420 2098 2484 Clem.
2146 2419 2332 2483 Alex.
2382 2419 2500 2484 Str.

262 2528 323 2589 V
372 2529 455 2590 59
503 2550 562 2611 p.
614 2529 735 2592 681
787 2529 857 2591 P.
907 2564 989 2575 ·-
1037 2530 1159 2592 ista
1204 2529 1549 2611 explicavit
1595 2534 1661 2593 et
1706 2529 2128 2593 confirmavit.

443 2634 623 2698 Duos
667 2636 869 2718 igitur
906 2635 1303 2719 Porphyrius
1350 2636 1509 2700 adiit
1552 2638 1882 2701 thesauros
1917 2636 2085 2699 unde
2118 2636 2286 2697 vitae
2325 2654 2504 2717 para-

263 2744 539 2826 graphos
580 2744 661 2806 32
713 2742 792 2806 ad
839 2744 923 2805 45
974 2744 1201 2827 opibus
1246 2745 1444 2828 raptis
1490 2745 1801 2828 impleret,
1851 2743 2087 2806 librum
2124 2742 2396 2805 Antonii
2443 2745 2506 2805 et

264 2850 573 2932 scriptum
620 2849 688 2912 id
736 2868 771 2914 e
819 2869 946 2931 quo
993 2850 1405 2915 Aristotelica
1452 2856 1515 2915 et
1554 2851 1984 2933 Androcydea
2028 2849 2286 2932 recepit.
2351 2847 2504 2910 Mis-

266 2957 356 3018 sis
402 2955 668 3037 reliquis
714 2960 927 3020 mente
976 2961 1305 3021 teneamus
1354 2963 1656 3040 excerpta
1701 2958 2071 3021 Antoniana
2110 2957 2147 3037 §
2187 2956 2269 3018 32
2305 2954 2384 3017 ad
2415 2954 2498 3017 36

266 3061 431 3125 med.
479 3066 542 3125 et
588 3064 671 3125 38
720 3062 798 3125 ad
846 3064 929 3125 41
980 3063 1273 3127 mediam.

1350 3258 1407 3320 2.

442 3382 599 3447 Fide
667 3381 1042 3465 dignissima
1106 3383 1265 3447 dicit
1325 3382 1650 3467 Diogenes
1714 3383 2004 3447 Laertius
2051 3382 2211 3448 VIII
2260 3386 2342 3446 36
2399 3386 2504 3447 καὶ

264 3494 468 3555 ταῦτα
546 3494 667 3571 μέν
740 3494 933 3573 φησιν
996 3482 1030 3550 ὁ
1093 3489 1195 3554 Ἅλ
1216 3491 1526 3576 έξανδρ
1550 3513 1584 3552 ο
1606 3511 1636 3562 ς
1707 3489 1775 3554 ἐν
1838 3498 1970 3561 τοῖς
2035 3494 2505 3575 Πυθαγορικοῖς

266 3590 721 3682 ἱπομνήμασιν
740 3596 1075 3684 εὖρηκέναι
1093 3599 1199 3661 καὶ
1225 3590 1307 3659 τὰ
1334 3592 1589 3660 ἐκείνων
1620 3591 1892 3677 ἐχόμενα
1923 3590 1957 3658 ὃ
1989 3590 2500 3683 Ἀριστοτέλης.

268 3705 351 3769 Et
406 3706 712 3787 regressis
770 3705 1045 3769 inferius
1107 3705 1301 3768 huius
1369 3706 1647 3769 occurrit
1712 3724 1948 3769 nomen
2010 3706 2275 3768 ineunte
2333 3708 2370 3784 ἓ
2419 3706 2502 3767 34

266 3812 424 3899 φησὶ
487 3811 557 3874 δὲ
620 3812 1029 3898 Ἀριστοτέλης
1088 3812 1243 3897 περὶ
1305 3804 1564 3892 κυάμων
1633 3809 1755 3891 κτὲ,
1837 3812 2131 3894 superius
2195 3812 2261 3873 in
2331 3813 2368 3889 ξ
2416 3812 2500 3874 24

264 3920 439 3983 illius
485 3920 643 4003 φησὶ
689 3918 758 3983 δὲ
804 3912 1259 4005 ὃἍλέξανδρος
1304 3914 1373 3981 ἐν
1417 3926 1555 3990 ταῖς
1610 3918 1736 3980 τῶν
1786 3910 2151 3999 φιλοσίφων
2187 3918 2505 3998 διαδοχαῖς

265 4028 372 4089 καὶ
408 4029 611 4087 ταῦτα
644 4017 971 4111 εὑρηκέναι
998 4022 1067 4089 έν
1095 4027 1568 4110 Πυθαγορικοῖς
1600 4018 2072 4108 ὑπομνήμασιν.
2129 4024 2298 4107 Ergo
2321 4025 2399 4106 ἐξ
2422 4027 2504 4086 34

270 4133 347 4196 ad
382 4134 465 4195 36
500 4133 678 4209 et24
720 4138 876 4196 extr.
910 4132 985 4195 ad
1018 4135 1099 4195 33
1131 4134 1303 4196 inter
1330 4137 1537 4196 certos
1568 4137 1838 4215 possunt
1868 4132 2158 4195 homines
2191 4131 2505 4194 distribui.

444 4238 547 4301 Ex
641 4239 909 4303 vocibus
999 4240 1127 4303 illis
1207 4241 1351 4303 καὶ
1431 4241 1640 4301 ταῦτα
1713 4242 1750 4318 ἓ
1819 4240 1903 4301 24
1982 4258 2129 4301 cum
2205 4238 2505 4320 colligere

268 4347 531 4410 minime
595 4344 789 4410 liceat
851 4346 1086 4409 iterum
1140 4346 1293 4409 inde
1336 4364 1660 4429 regressos
1705 4363 2042 4408 mansuros
2089 4364 2227 4409 esse
2273 4362 2392 4407 nos
2436 4344 2504 4406 in
