3200 5050
499 672 1107 756 Prolegomenorum
1150 671 1292 735 loco
1339 670 1497 734 haec
1544 671 1750 754 accipi
1786 671 1995 735 velim.
2087 672 2352 736 Interim
2399 671 2553 753 quid

310 779 625 844 effectum
673 780 757 842 sit
807 778 1101 862 colligam

1195 971 1713 1068 Tabula
1801 913 1806 918 ν

905 1153 1458 1237 Πυθαγορικιῖν
1502 1144 1975 1233 Ἅποφάσεων

366 1282 423 1342 1.
472 1277 784 1342 Homines
822 1277 1083 1342 deorum
1132 1278 1423 1360 indigent
1470 1278 1775 1342 custodia.
1866 1277 2097 1340 Jambl.
2136 1280 2278 1358 174,
2312 1279 2436 1339 175
2471 1277 2555 1338 in.

364 1386 424 1448 2.
473 1383 570 1447 De
636 1389 970 1466 parentum
1016 1390 1079 1448 et
1139 1385 1355 1467 legum
1401 1386 1828 1448 veneratione.
1937 1384 2166 1448 Jambl.
2221 1386 2362 1465 175,
2415 1386 2556 1447 176.

364 1494 426 1554 3.
473 1490 571 1554 De
617 1492 989 1575 regentibus
1036 1511 1110 1554 ac
1155 1493 1367 1555 rectis.
1460 1491 1629 1555 Stob.
1676 1491 1840 1554 E'lor.
1888 1493 1992 1573 43,
2041 1491 2125 1554 49
2173 1491 2334 1554 med.

474 1596 571 1662 De
620 1598 998 1662 docentibus
1045 1603 1109 1661 et
1154 1597 1565 1662 discentibus.
1659 1599 1717 1662 J.
1770 1601 1912 1662 183.
2129 1605 2132 1607 ’

365 1707 429 1767 4.
476 1704 607 1768 Sua
654 1705 970 1785 cuiusque
1018 1706 1244 1767 aetatis
1292 1723 1429 1769 esse
1478 1705 1714 1768 officia.
1809 1705 1976 1769 Stob.
2023 1681 2183 1768 Flor.
2233 1707 2337 1787 43,
2385 1708 2485 1768 49.

369 1814 431 1875 5.
481 1799 811 1888 Quomodo
856 1816 1297 1894 praeceptores
1344 1813 1474 1875 sint
1518 1812 1840 1876 audiendi.
1930 1812 2158 1876 Jambl.
2207 1813 2355 1875 200.

370 1921 430 1983 6.
480 1917 650 1995 Quid
688 1919 898 1981 valeat
942 1919 1111 1982 bona
1154 1919 1495 1982 institutio
1586 1918 1818 1986 Jambl.
1871 1919 2238 1982 201—203.

368 2030 427 2089 7.
475 2023 573 2090 De
634 2025 941 2107 fugienda
1005 2025 1344 2108 voluptate.
1438 2025 1669 2088 Jambl.
1719 2027 2088 2089 204—213.
2181 2025 2351 2089 Stob.
2398 2026 2559 2089 Flor.

539 2130 607 2194 X
656 2131 737 2195 66
776 2131 856 2193 Η.

366 2239 427 2301 8.
477 2237 653 2314 Quae
700 2257 853 2302 vera
897 2239 981 2302 sit
1025 2237 1371 2318 φιλοκαλία.
1464 2238 1634 2302 Stob.
1682 2239 1768 2303 ΕΙ.
1816 2239 1846 2301 Ι
1891 2240 2010 2302 101
2065 2241 2143 2303 Η.

368 2346 428 2409 9.
475 2344 574 2408 De
622 2344 865 2408 artibus
912 2364 985 2408 ac
1028 2345 1279 2413 litteriS.
1372 2346 1542 2412 Stob.
1581 2346 1742 2410 Flor.
1790 2346 1823 2408 I
1872 2348 1948 2409 71
2000 2346 2082 2410 Η.

328 2453 433 2517 10.
480 2450 578 2516 De
625 2453 935 2515 memoria
980 2453 1354 2516 exercenda.
1446 2452 1676 2516 Jambl.
1729 2454 1855 2516 164
1903 2454 2065 2517 med.

322 2562 430 2625 11.
478 2558 575 2624 De
623 2560 908 2623 amicitia
953 2561 1403 2624 conservanda.
1494 2561 1726 2624 Jambl.
1775 2562 2144 2625 230—233.

325 2668 429 2730 12.
476 2666 574 2730 De
636 2667 1101 2750 opportunitate
1177 2668 1248 2729 in
1318 2669 1720 2731 commerciis
1786 2668 2210 2750 omnibusque
2276 2670 2419 2731 aliis
2496 2671 2562 2732 in

538 2774 813 2856 negotiis
862 2773 1272 2837 observanda.
1365 2774 1595 2838 Jambl.
1649 2776 2017 2838 180—183.

325 2882 431 2944 13.
483 2879 579 2945 De
624 2880 898 2945 fortuna.
993 2880 1163 2946 Stob.
1210 2881 1344 2945 Ecl.
1391 2881 1424 2945 I
1472 2882 1527 2963 6,
1579 2884 1661 2946 18
1709 2882 1810 2945 W.

1053 3188 1243 3248 Βίου
1288 3186 1837 3269 Πυθαγορείου

380 3311 431 3370 1.
479 3305 577 3370 De
655 3308 995 3371 cotidianis
1067 3309 1339 3392 negotiis
1416 3330 1490 3373 ac
1564 3309 1644 3373 de
1732 3311 1908 3373 victu
2000 3309 2564 3393 Pythagoreorum.

543 3414 773 3477 Jambl.
824 3415 1145 3479 96—100.

374 3522 432 3583 2.
478 3519 579 3584 De
624 3522 1080 3604 tranquillitate
1128 3525 1341 3586 animi.
1435 3524 1664 3587 Jambl.
1717 3524 2083 3588 196--198.

375 3629 434 3690 3.
479 3626 589 3696 De.
650 3630 952 3693 amicitiis
1020 3629 1586 3712 Pythagoreorum.
1681 3631 1909 3694 Jambl.
1959 3632 2329 3709 234—236,
2378 3632 2567 3711 (127).

545 3734 730 3798 Diod.
776 3736 844 3800 X
892 3740 949 3819 3,
999 3739 1055 3800 5.
1148 3737 1375 3803 Jambl.
1425 3739 1571 3819 239,
1625 3740 1768 3820 127,
1820 3739 1964 3819 128,
2017 3739 2158 3802 198.

372 3844 434 3906 4.
482 3841 579 3907 Dc
622 3843 849 3906 studiis
887 3845 1134 3907 artium.
1225 3845 1455 3911 Jambl.
1498 3848 1642 3927 163,
1696 3846 1838 3927 164,
1882 3846 2025 3928 110,
2073 3848 2214 3928 110,
2263 3848 2404 3927 114,
2446 3848 2570 3910 164

462 3937 467 3941 ’
548 3944 843 4033 (ἐτίμων),
894 3952 1037 4014 165.
