3200 5050
730 573 811 642 'ad
876 593 1026 641 cum
1090 575 1265 642 enim
1324 575 1453 640 iam
1520 575 1932 658 pervenimus
1976 575 2206 656 locum,
2255 595 2533 658 quocum
2577 575 2990 659 florilegium

734 687 1056 748 consonat.
1150 679 1469 758 Quoniam
1530 687 1744 746 autem
1793 701 2090 766 campum
2136 688 2582 765 percurrentes
2625 682 2816 747 nullo
2867 684 2994 748 im-⁷

733 789 1099 872 pedimento
1148 788 1381 852 offensi
1425 807 1667 869 sumuS,
1715 789 1912 853 immo
1955 789 2283 872 aptissime
2320 795 2512 872 atque
2539 790 2992 873 pulcherrime

733 896 999 962 alteram
1080 895 1461 960 sententiam
1543 895 1743 962 altera
1805 896 2078 980 excepit,
2145 898 2214 960 in
2269 897 2492 974 eodem
2559 896 2804 962 delicto
2877 897 2994 961 de-

734 1003 1089 1086 prehensus
1134 1008 1233 1067 est
1275 1003 1577 1086 Joannes,
1625 1004 1812 1068 cuius
1839 1009 2028 1068 antea
2056 1022 2200 1067 eum
2231 1005 2695 1068 accusavimus,
2755 1004 2994 1068 Totam

734 1128 875 1174 eam
921 1109 1434 1193 disputationem,
1480 1129 1647 1193 quae
1694 1111 1774 1192 ἐξ
1812 1110 1942 1175 200
1979 1110 2062 1176 ad
2100 1111 2228 1173 203
2259 1111 2344 1174 in.
2393 1111 2992 1194 comprehenditur,

734 1217 1021 1300 piscibus
1066 1216 1420 1295 mandavit3
1468 1236 1680 1300 neque
1727 1236 1880 1281 vero
1927 1217 2194 1281 dubium
2243 1223 2340 1282 est
2385 1219 2543 1301 quin
2589 1237 2760 1300 quae
2811 1219 2991 1302 apud

735 1343 883 1388 eum
928 1323 1323 1406 praecedunt
1366 1325 1748 1388 sententiam
1795 1324 2136 1406 utrobique
2167 1325 2421 1388 obviam
2453 1343 2530 1389 ea
2554 1326 2995 1408 praefigenda

734 1432 867 1494 sint
910 1431 1161 1494 illarum
1208 1436 1601 1514 argumento.
1693 1431 1920 1514 Neque
1956 1436 2168 1496 tamen
2201 1432 2402 1496 multa
2427 1432 2596 1496 inter
2625 1439 2992 1515 utrumque

733 1539 945 1603 locum
992 1538 1342 1604 desiderari
1389 1557 1642 1604 mecum
1687 1539 1958 1619 iudiceS,
2023 1539 2078 1602 si
2125 1538 2308 1603 lectis
2361 1538 2713 1621 anthologii
2763 1540 2993 1604 verbis

732 1645 895 1712 Flor.
957 1648 1061 1729 43,
1126 1646 1211 1709 49
1289 1641 1716 1730 ἐπιμελητέον
1769 1643 1842 1708 δὲ
1917 1640 2126 1730 πάσης
2198 1638 2440 1729 ἡλικίας
2515 1639 2799 1730 ἡγοῦντο,
2880 1649 2992 1710 καὶ

732 1747 879 1826 τούς
944 1753 1066 1834 μὲν
1126 1753 1367 1823 παῖδας
1428 1747 1498 1815 ἐν
1560 1745 1934 1836 γράμμμασι
1993 1755 2101 1816 καὶ
2149 1759 2281 1824 τοῖς
2327 1748 2538 1824 ἄλλοις
2589 1748 2994 1839 μαθήμασιν

734 1852 1097 1926 ἀσκεῖσθαι·
1160 1852 1308 1932 τούς
1352 1858 1423 1924 δὲ
1466 1862 1831 1932 νεανίσκους
1887 1868 2016 1931 τοῖς
2070 1859 2183 1932 τῧς
2225 1855 2475 1932 πόλεως
2519 1857 2714 1924 ἔθεσί
2753 1882 2832 1924 τε
2880 1865 2994 1926 καὶ

731 1971 1027 2050 νομίμως
1070 1966 1199 2031 κτλ.
1248 1967 1349 2030 his
1380 1967 1552 2031 sicut
1579 1967 1622 2030 J
1625 1966 1811 2029 ambl.
1845 1968 1884 2049 ξ
1913 1967 2042 2030 202
2073 1972 2232 2031 extr.
2261 1969 2540 2051 praecipi
2573 1968 2994 2034 intellexeris

734 2081 807 2140 ut
852 2085 1065 2140 certae
1124 2074 1294 2137 vitae
1355 2079 1593 2138 aetates
1651 2073 1843 2137 certis
1903 2080 2208 2157 regantur
2267 2074 2503 2138 officiis
2551 2076 2991 2158 negotiisque,

735 2201 810 2248 eo
877 2187 1123 2245 tantum
1188 2181 1561 2246 discrimine
1623 2181 2062 2244 intercedente
2123 2185 2197 2243 ut
2243 2180 2390 2262 illis,
2455 2183 2496 2246 i.
2544 2200 2596 2248 e.
2644 2182 2686 2246 J
2691 2183 2993 2265 oanneiS,

735 2289 889 2372 quid
936 2289 1023 2352 sit
1068 2288 1430 2353 docendum
1485 2293 1777 2371 ponatur,
1825 2287 1926 2350 his
1973 2306 2101 2369 qua
2124 2288 2391 2353 ratione.
2467 2287 2711 2370 Itaque,
2741 2290 2796 2353 si
2835 2291 2992 2372 quis

732 2415 860 2460 non
928 2395 1073 2479 plus
1138 2415 1267 2459 uno
1335 2397 1665 2459 enuntiato
1735 2395 2056 2458 interiisse
2101 2395 2192 2458 ibi
2240 2396 2628 2478 pronuntiet,
2673 2397 2992 2478 equidem

734 2501 1065 2589 suffrager.
1162 2504 1248 2567 At
1312 2521 1679 2581 caveamus3
1747 2521 1828 2567 ne
1890 2521 2009 2566 nos
2063 2503 2382 2586 patiamur
2425 2501 2666 2587 decipi!
2762 2503 2990 2581 Quid?

734 2610 933 2678 altera
978 2630 1062 2676 ex
1106 2616 1285 2695 parte
1330 2612 1503 2675 inter
1542 2612 1586 2674 J
1589 2612 1818 2673 oannis
1855 2610 2009 2693 περὶ
2035 2608 2095 2671 6⁰
2126 2601 2444 2693 ἀρχόντων
2469 2607 2592 2673 ne.
2642 2610 2724 2673 ad
2753 2606 2991 2697 φιλάρ-

732 2738 957 2797 χοντας
1031 2722 1223 2800 atque
1282 2713 1707 2801 ἐπιμελητέον
1777 2714 1905 2778 aeci..
1973 2715 2135 2779 nihil
2201 2713 2422 2781 deesse
2485 2735 2703 2781 nonne
2769 2737 2849 2781 ea
2916 2739 2990 2783 re

732 2825 1191 2909 persuadeatur
1260 2824 1465 2901 nobiS,
1540 2824 1730 2906 quod,
1805 2842 1953 2887 cum
2025 2823 2153 2886 illis
2219 2824 2382 2887 ratio
2448 2824 2839 2907 explanetur
2911 2846 2991 2890 ea

734 2953 925 3015 quam
970 2951 1131 3016 opus
1175 2934 1262 2996 sit
1312 2930 1712 2997 intercedere
1757 2935 2052 3013 regentes
2099 2931 2268 2994 inter
2311 2936 2667 3013 rectosque,
2723 2932 2990 2997 nullum

733 3040 943 3123 aptius
990 3040 1199 3103 subici
1254 3038 1512 3103 videtur
1564 3038 1968 3103 enuntiatum
2039 3057 2113 3101 eo
2169 3036 2339 3119 quod
2387 3037 2466 3101 de
2513 3038 2752 3103 officiis
2800 3054 2991 3123 prae-

736 3152 991 3231 ceptum
1030 3146 1226 3211 infert
1270 3148 1415 3208 τῶν
1453 3137 1872 3230 ἅρχόντωνΡ
1964 3142 2402 3207 Nihilominus
2438 3148 2660 3227 postea
2697 3146 2989 3211 conabor

731 3256 1017 3319 inserere
1103 3253 1196 3316 ibi
1279 3254 1735 3337 fragmentum,
1819 3250 1991 3333 quod
2073 3250 2208 3313 luto
2283 3250 2327 3314 J
2329 3251 2682 3315 amblicheo
2759 3252 2985 3319 abluto

732 3362 915 3427 illinc
968 3366 1221 3444 raptum
1291 3380 1431 3425 esse
1478 3357 1734 3443 patebit.
1827 3361 1915 3422 At
1959 3394 2047 3405 --
2093 3362 2424 3440 praesente
2490 3359 2662 3422 enim
2721 3358 2990 3425 fortuna

733 3468 1075 3534 fruendum
1138 3504 1225 3514 —
1278 3487 1456 3531 nunc
1510 3470 1884 3547 argumento
1944 3484 2112 3529 novo
2172 3464 2554 3529 confirmare
2635 3484 2986 3548 possumus

731 3576 1067 3657 iudicium,
1157 3574 1326 3656 quod
1423 3573 1503 3638 de
1588 3572 2129 3656 paragraphorum
2209 3571 2251 3635 J
2255 3570 2441 3635 ambl.
2517 3572 2647 3634 200
2685 3590 2750 3635 ss
2831 3594 2981 3637 cum

731 3683 774 3747 J
776 3682 1041 3747 cauneis
1086 3676 1512 3765 ἐπιμελητέον
1558 3678 1628 3742 δὲ
1672 3679 1800 3743 κτλ.
1848 3678 2329 3743 necessitudine
2374 3678 2570 3741 latum
2621 3684 2744 3757 est3
2795 3680 2984 3747 vides

732 3791 904 3854 enim
965 3789 1097 3852 illis
1161 3787 1427 3852 adiectis
1494 3805 1571 3851 ea
1625 3786 1970 3851 succedere
2024 3790 2364 3869 praecepta
2411 3798 2575 3873 quae
2623 3785 2704 3849 ad
2756 3778 2986 3872 ἀρχο-

728 3901 975 3979 μένων
1018 3899 1309 3979 spectant
1355 3894 1592 3959 officia.

910 4004 1417 4068 Perveneramus
1473 4020 1680 4083 usque
1736 4000 1816 4064 ad
1873 4002 1910 4082 ξ
1959 3998 2085 4085 203
2154 3998 2402 4063 mediae
2457 3999 2845 4064 sententiam
2906 4004 2986 4067 ab

730 4113 771 4177 J
776 4131 983 4177 oanne
1028 4110 1067 4173 l.
1091 4110 1130 4172 1.
1179 4110 1568 4173 Aristoxeno
1629 4108 1950 4171 tributam.
2061 4105 2238 4170 Eune
2295 4126 2550 4188 quoque
2607 4125 2771 4188 quae
2836 4127 2989 4175 suc-

732 4219 969 4283 cedunt
1001 4222 1258 4301 recepta
1284 4221 1434 4279 sunt
1476 4216 1766 4298 integra?
1861 4212 2203 4277 Censuisse
2231 4212 2665 4296 Pythagoreos
2704 4212 2990 4297 legimus

734 4327 771 4405 ἓ
818 4325 945 4387 203
996 4325 1074 4389 ab
1119 4324 1258 4408 ipsa
1302 4324 1577 4387 infantia
1633 4321 2120 4405 diligentissime
2176 4312 2468 4384 homines
2523 4337 2662 4383 esse
2721 4320 2992 4389 institu-
