3200 5050
1284 399 1715 462 -25-

369 599 454 656 ut
499 595 669 658 vitae
718 593 1044 676 degendae
1088 593 1346 658 modum
1399 595 1512 676 qui
1558 591 1651 658 eis
1683 592 1983 676 probatus
2020 598 2201 675 esset,
2248 611 2622 676 expressum
2680 629 2685 634 -

371 699 598 764 verbis
635 700 1054 782 effictumque
1101 701 1306 765 oculis
1353 701 1687 764 subiceret.
1782 699 2018 763 Contra
2060 699 2223 763 libro
2270 700 2466 764 altero
2512 699 2622 764 de-

371 821 736 871 monstrare
783 815 1049 871 conatus
1095 827 1235 871 sum
1282 807 1488 871 nudas
1533 807 2083 888 Pythagoreorum
2132 807 2621 890 comprehensas

371 932 524 978 esse
569 915 916 979 sententias
964 914 1198 996 quibus
1257 933 1466 979 mores
1511 919 1772 998 possent
1816 912 2202 978 conformari
2246 933 2456 995 neque
2504 913 2620 976 du-

371 1020 515 1083 bito
581 1022 738 1102 quin
816 1020 956 1084 eius
1022 1025 1468 1104 argumentum
1533 1021 1862 1103 aptissime
1915 1021 1957 1085 J
1960 1019 2317 1084 amblichus
2377 1022 2414 1103 ξ
2493 1023 2616 1084 101

372 1126 733 1208 adumbret,
799 1147 948 1191 cum
1012 1126 1184 1191 dicat
1237 1119 1342 1189 διὰ
1395 1129 1520 1189 τῶν
1567 1126 2017 1212 Πυθαγορικῶν
2062 1118 2449 1207 ἀποφάσεων
2492 1127 2621 1189 τῶν

371 1229 493 1304 εἰς
538 1225 668 1296 τὸν
709 1237 850 1316 βίον
894 1235 1000 1296 καὶ
1043 1225 1154 1304 τὰς
1201 1232 1613 1318 ἀνθρωπίνας
1644 1225 2009 1320 ἱπολήψεις
2045 1233 2621 1314 διατεινουσῶν,·

371 1339 461 1402 cf.
510 1340 700 1403 etiam
745 1336 784 1424 ξ
836 1341 960 1403 102
1001 1346 1166 1404 ext·

561 1445 685 1510 Sed
730 1449 883 1510 Βίον
927 1448 1264 1510 restituere
1311 1464 1665 1529 pergamus,
2322 1517 2325 1521 ,

562 1551 1076 1636 Splendidissimi
1109 1552 1282 1616 orbis
1321 1554 1426 1616 cui
1465 1553 1786 1620 amicitiae
1818 1552 2283 1635 Pythagoricae
2326 1551 2621 1635 exempla

371 1659 809 1723 Aristoxenus
872 1659 1137 1723 inclusit
1199 1659 1361 1722 nihil
1430 1664 1723 1723 tenemus
1785 1660 1913 1722 nisi
1992 1658 2275 1723 membra
2336 1659 2619 1723 disiecta.-

371 1767 469 1827 At
517 1784 998 1848 compensemus
1050 1766 1348 1830 fortunae
1401 1765 1717 1828 invidiam
1777 1770 2087 1846 quantum
2133 1783 2487 1848 possumus,
2534 1801 2619 1814 --

371 1870 818 1955 Paragraphos
884 1873 1008 1936 237
1072 1878 1136 1936 et
1184 1873 1312 1935 238
1361 1872 1818 1936 abiudicandas
1879 1872 1957 1935 ab
2019 1890 2097 1936 >eo
2157 1871 2339 1936 duco.
2450 1871 2619 1935 Cur?

372 1977 649 2042 Silentio
709 1979 969 2042 nomina
1025 1978 1384 2042 obruuntur
1428 1979 1977 2061 Pythagoreorum
2024 1997 2299 2061 quorum
2350 1978 2445 2042 ibi
2490 1978 2619 2041 vir-

371 2090 487 2148 tus
538 2085 956 2168 praedicatur.
1050 2085 1236 2161 Quod
1295 2106 1576 2168 unquam
1646 2085 1724 2148 ab
1788 2086 1901 2149 illo
1964 2086 2207 2150 factum
2262 2104 2401 2150 esse
2455 2085 2617 2148 miro

373 2197 698 2255 concentu
746 2197 1044 2275 quattuor
1090 2192 1527 2275 exemplorum
1573 2197 1846 2275 negatur
1891 2212 2110 2256 eorum
2144 2212 2307 2276 quae
2355 2212 2437 2256 ex
2484 2191 2621 2256 the-

373 2317 567 2360 sauro
615 2299 754 2362 eius
801 2298 1080 2362 detracta
1127 2317 1266 2362 esse
1314 2299 1759 2381 compilatores
1798 2299 2204 2362 confitentur.
2295 2298 2618 2380 Archytas

363 2404 745 2468 nominatur
790 2405 858 2467 in
902 2405 1133 2468 Jambl.
1182 2405 1218 2488 g
1270 2405 1415 2486 197,
1461 2404 1665 2468 Damo
1713 2410 1777 2468 et
1820 2404 2111 2468 Phintias
2158 2406 2227 2467 in
2276 2406 2313 2486 ἓ
2362 2405 2493 2468 234
2539 2405 2618 2468 ad

377 2511 530 2581 236,
595 2512 673 2576 cf.
719 2511 953 2595 Porph.
1003 2512 1106 2593 59,
1172 2511 1396 2594 eidem,
1464 2511 1784 2595 Archytas
1850 2517 1914 2577 et
1974 2511 2171 2595 Plato,
2246 2510 2485 2575 Clinias
2558 2517 2623 2576 et

373 2618 616 2681 Prorus
660 2620 730 2681 in
780 2620 816 2701 ξ
870 2621 1011 2682 127.
1103 2620 1326 2701 [taque
1375 2620 1412 2701 ξ
1451 2620 1575 2681 237
1615 2638 1645 2682 s
1692 2619 2165 2702 componendae
2211 2624 2363 2682 sunt
2405 2618 2619 2702 potius

375 2744 529 2787 cum
580 2726 702 2789 122
735 2744 798 2789 ss
846 2745 922 2789 ea
967 2744 1220 2809 quoque
1266 2745 1338 2789 re
1385 2726 1720 2807 similibus,
1777 2725 1948 2808 quod
2004 2745 2085 2790 ne
2139 2727 2310 2808 ipsas
2358 2725 2617 2807 quidem

375 2830 484 2911 (cf.
529 2831 751 2896 Rohde
803 2834 874 2895 in
921 2832 1082 2897 Mus,
1130 2832 1248 2897 Rh.
1299 2833 1401 2914 27,
1449 2834 1535 2895 40
1561 2833 1613 2908 s)
1669 2833 2057 2896 Aristoxeno
2116 2833 2453 2914 quisquam
2511 2832 2620 2894 ad-

375 2938 659 3003 scribere
715 2939 963 3005 a‘udeat.
1053 2939 1382 3024 Principio
1440 2958 1590 3003 vero
1649 2940 2026 3022 paragraphi
2074 2940 2197 3001 237
2260 2938 2457 3021 quid?
2522 2936 2618 3001 λε’·

374 3064 553 3124 γεται
597 3044 667 3108 δὲ
713 3038 793 3116 ὡς
838 3048 943 3108 καὶ
982 3094 1039 3108 ..
1073 3094 1088 3110 .
1125 3046 1438 3127 Profecto,
1487 3064 1602 3108 nos
1652 3064 1767 3109 cur
1813 3064 1971 3128 opus
2017 3045 2211 3109 fuerit
2255 3043 2503 3125 λέγεται
2548 3042 2619 3109 δὲ

375 3171 509 3215 non
574 3154 913 3216 nescimus
989 3190 1075 3197 —
1144 3152 1350 3215 Partis
1413 3151 1709 3216 residuae
1774 3151 1901 3215 duo
1967 3152 2261 3234 exempla
2322 3153 2617 3234 primum,

375 3258 686 3323 Damonis
743 3264 808 3323 et
861 3260 1156 3323 Phintiae
1219 3261 1256 3340 ξ
1303 3259 1434 3322 234
1492 3258 1573 3321 ad
1621 3259 1768 3339 236,
1825 3263 1890 3322 et
1944 3258 2314 3341 secundum,
2372 3258 2617 3322 Cliniae

379 3366 418 3446 ξ
468 3366 594 3428 239
645 3366 784 3431 coll.
834 3366 870 3447 ξ
910 3367 1055 3447 127,
1105 3373 1294 3447 certo,
1341 3369 1751 3447 postremum,
1796 3364 2117 3428 Thestoris
2166 3366 2203 3443 ξ
2251 3366 2398 3447 239,
2448 3365 2617 3447 quod

377 3472 562 3537 alteri
631 3472 930 3536 adhaeret
982 3472 1251 3536 fortasse
1296 3474 1740 3537 Aristoxenea.
1832 3471 2074 3535 Verum
2123 3474 2381 3554 gravius
2447 3471 2618 3554 quod

379 3578 505 3641 duo
552 3578 663 3641 illa
709 3580 932 3643 eodem
990 3579 1212 3642 ordine
1265 3584 1689 3643 numerantur
1732 3580 1801 3640 in
1850 3582 1887 3658 ξ
1939 3580 2058 3641 127
2117 3616 2195 3627 --
2243 3580 2617 3661 interposita

377 3685 658 3749 amicitia
693 3686 988 3749 'Platonis
1032 3685 1505 3767 Archytaeque.
1597 3686 1778 3749 Haec
1824 3686 2025 3768 igitur
2069 3685 2196 3747 nisi
2243 3686 2457 3748 omnia
2502 3686 2617 3749 fal-

377 3790 520 3853 lunt
573 3797 833 3855 extrusa
887 3797 984 3855 est
1025 3791 1167 3855 loco
1225 3792 1438 3855 alter0.
1543 3793 1708 3855 Satis
1768 3799 1941 3855 certa
1987 3792 2147 3856 haec
2202 3810 2320 3874 ego
2366 3792 2615 3871 iudico;

379 3898 748 3961 coniectura
805 3918 968 3979 quae
1024 3899 1078 3961 si
1133 3918 1266 3961 non
1314 3898 1439 3961 alia
1492 3917 1564 3961 re
1612 3904 1676 3961 at
1722 3902 1893 3962 certe
1942 3898 2249 3961 modestia
2296 3918 2617 3961 commen-

379 4003 579 4085 datur,
624 4006 1001 4087 paragraphi
1052 4005 1177 4068 128
1227 4004 1519 4086 exempla
1565 4024 1712 4067 curn
1744 4023 2004 4087 prorsus
2051 4004 2287 4067 similia
2320 4004 2451 4067 illis
2488 4006 2618 4067 sint

376 4110 767 4174 Aristoxeno
815 4112 1216 4193 vindicarim,
1264 4110 1526 4192 Cliniae,
1575 4112 1912 4193 adsumpta
1957 4111 2261 4175 videlicet
2294 4110 2615 4175 Thestoris

378 4236 413 4280 e
453 4218 488 4299 ξ
528 4218 675 4299 239,
722 4223 795 4280 ut
831 4218 1302 4301 subiungantur
1337 4218 1679 4281 memoriae
1719 4238 1909 4300 quam
1946 4218 2082 4282 illic
2120 4218 2613 4300 subsequuntur.

375 4324 683 4387 Plausum
739 4330 950 4388 autem
1007 4326 1165 4388 haec
1223 4326 1439 4407 opinio
1496 4325 1905 4389 nanciscetur
1960 4325 2061 4387 his
2114 4326 2378 4407 insuper
2421 4324 2614 4388 rebus
