3200 5050
1631 328 2074 390 -22—

736 522 1167 604 Wyttenbach
1224 522 1411 604 (Bibl.
1467 524 1603 586 crit.
1651 523 1811 586 Vm
1857 543 1914 606 p.
1967 525 2091 586 113
2150 528 2286 600 not;
2355 524 2434 588 cf.
2481 523 2728 587 Mahnii
2795 524 2974 588 diatr.

739 629 816 694 de
863 631 1144 694 Aristox.
1193 651 1249 714 p.
1284 631 1395 710 60)
1441 649 1738 713 magnam
1783 636 2044 713 partem,
2093 631 2348 713 penitus
2377 629 2600 694 Rohde
2635 630 2828 711 (Mus,
2863 631 2973 694 Rh.

736 738 854 817 27‚-
888 737 971 800 50
1020 743 1179 800 extr.
1226 740 1383 819 seq.)
1430 738 1774 820 perspexit.
1865 735 2064 800 Porro
2111 734 2219 800 ille
2267 736 2518 801 censuit
2570 737 2638 800 in
2685 757 2765 801 eo
2811 737 2974 801 libro

736 862 926 924 quem
972 842 1051 907 de
1086 844 1411 926 Archytae
1451 844 1583 907 vita
1629 844 2113 926 conscripsisset
2143 844 2572 906 Aristoxenus
2606 849 2976 908 narrantem

732 949 973 1014 factum
1024 969 1163 1015 esse
1200 950 1610 1034 Spintharum
1647 950 2027 1034 paragraphi
2078 951 2199 1013 197
2249 949 2566 1032 fabellam,
2611 950 2722 1014 hic
2761 956 2976 1014 autem

734 1061 937 1119 totum
986 1056 1203 1121 orbem
1249 1076 1441 1138 quem
1477 1057 1794 1140 descripsi
1839 1061 2166 1121 exsectum
2215 1076 2355 1121 esse
2403 1076 2482 1121 ex
2521 1051 2976 1137 Ἀποφάσεσιν.

735 1162 979 1226 Verum
1036 1164 1207 1228 enim
1268 1182 1420 1228 vero
1476 1164 1637 1227 mihi
1682 1184 1814 1227 non
1869 1169 1966 1227 est
2021 1163 2287 1228 dubium
2337 1164 2491 1246 quin
2551 1182 2778 1227 verum
2825 1165 2977 1227 libri

734 1289 969 1334 nomen
1016 1276 1243 1335 neuter
1296 1271 1661 1355 reppererit.
1754 1272 1968 1352 Atque
2015 1271 2198 1334 illum
2245 1271 2502 1353 quidem
2549 1270 2776 1335 Rohde
2826 1292 2976 1335 con-

732 1376 979 1458 futavit,
1051 1397 1198 1442 cum
1261 1398 1391 1441 non
1456 1397 1644 1461 posse
1715 1377 1992 1442 discerni
2055 1398 2094 1440 a
2157 1378 2388 1442 ceteris
2451 1377 2700 1440 duabus
2757 1380 2796 1460 ξ
2851 1379 2972 1442 197

734 1484 1025 1548 ostendit.
1136 1484 1261 1549 Sed
1324 1504 1405 1549 ne
1470 1485 1539 1547 in
1600 1478 1974 1565 Ἇποφάσεσι
2041 1484 2300 1566 quidem
2346 1485 2772 1550 Aristoxenus
2829 1487 2980 1549 talia

735 1592 1033 1654 narravit.
1126 1589 1287 1654 Nam
1335 1592 1429 1656 eis
1476 1591 1636 1656 locis
1673 1591 1786 1675 qui
1829 1592 1984 1655 huic
2027 1591 2193 1654 libro
2241 1591 2615 1655 vindicandi
2669 1597 2842 1673 sunt,
2899 1593 2980 1655 ad

737 1719 934 1761 unum
983 1699 1298 1781 omnibus,
1346 1699 1698 1764 doctrinam
1755 1717 1904 1763 eum
1949 1699 2354 1783 proposuisse
2411 1699 2688 1762 vidimus
2736 1697 2980 1782 Pytha-

732 1825 1067 1888 goreorum
1112 1807 1433 1871 moralem.
1528 1805 1762 1870 Contra
1790 1806 1870 1871 de
1907 1806 2192 1870 moribus
2230 1825 2448 1870 eorum
2483 1806 2680 1870 verba
2711 1806 2819 1870 vel
2847 1807 2979 1870 fac-

732 1913 813 1975 tis
852 1932 990 1977 esse
1018 1913 1187 1977 facta
1215 1933 1529 1996 nusquam
1571 1913 1894 1977 observari
1925 1918 2184 1997 poterat
2275 1913 2458 1977 Haec
2493 1918 2708 1977 autem
2733 1913 2979 1978 descri-

732 2019 973 2082 buntur
1034 2039 1109 2084 eo
1166 2019 1323 2101 loco,
1388 2022 1457 2084 in
1516 2039 1706 2102 quem
1773 2040 1946 2084 nunc
1991 2021 2408 2102 inquiremus
2499 2019 2727 2101 Neque
2775 2020 2982 2102 igitur

732 2126 935 2189 ullum
1008 2126 1289 2190 inveniri
1354 2131 1561 2210 potest
1628 2120 2028 2208 Ἅποφάσεων
2096 2127 2499 2190 enuntiatum
2569 2146 2694 2209 quo
2763 2127 2980 2191 simile

732 2233 1079 2316 quicquam
1152 2239 1511 2317 exponatur
1580 2234 1757 2298 hisce
1837 2237 1874 2316 ξ
1959 2235 2081 2299 196
2155 2231 2223 2296 εἴ
2286 2254 2451 2296 ποτε
2527 2226 2745 2304 αἰτοῖς
2825 2251 2981 2315 συμ-

729 2342 880 2425 βαίη
926 2331 965 2425 ἢ
1012 2333 1160 2425 ὀργὴ
1207 2335 1254 2426 ἤ
1292 2334 1469 2426 λύπη
1514 2332 1553 2409 τ’
1601 2336 1756 2403 ἄλλο
1800 2365 1862 2404 τι
1905 2343 2208 2420 τοιοῦτον,
2265 2332 2553 2404 ἐκποδών
2597 2332 2984 2426 ἀπηλλάτ-

730 2469 951 2510 τοντο
1009 2449 1113 2511 καὶ
1168 2448 1325 2511 καθ’
1380 2440 1609 2512 ἑαυτὸν
1663 2443 1923 2519 ἕκαστος
1975 2442 2306 2529 γενόμενος
2357 2443 2730 2533 ἐπειρᾶτο
2785 2469 2986 2512 κατα-

730 2559 990 2619 πέττειν
1042 2575 1113 2619 τε
1166 2558 1273 2619 καὶ
1325 2550 1643 2641 ἰατρεύειν
1694 2548 1770 2619 τὸ
1813 2550 2050 2627 πάθος.
2143 2556 2270 2621 Ubi
2319 2575 2470 2619 vero
2529 2556 2789 2619 illarum
2841 2560 2987 2639 qui-

732 2663 875 2727 dem
920 2663 1423 2747 fragmentorum
1462 2682 1625 2745 quae
1664 2683 1792 2726 non
1828 2665 1920 2726 ita
1953 2682 2160 2746 pauca
2195 2668 2346 2725 sunt
2389 2681 2657 2726 numero
2704 2665 2987 2746 reperiri

728 2776 934 2853 potest
982 2771 1150 2853 quod
1200 2771 1622 2834 contendatur
1667 2789 1815 2834 cum
1861 2772 1956 2834 eis
2003 2789 2166 2852 quae
2213 2770 2292 2833 de
2340 2770 2631 2851 Archyta
2686 2771 2990 2835 referun-

731 2882 836 2940 tur
882 2883 945 2941 et
991 2879 1069 2941 de
1116 2877 1365 2941 Clinia?
1458 2878 1583 2941 Res
1629 2878 1805 2960 ipsae
1844 2896 2008 2959 quae
2053 2876 2146 2939 ibi
2193 2877 2616 2960 disputa-ntur,
2665 2896 2866 2959 quem
2916 2880 2988 2941 in

730 2984 988 3048 modum
1056 2984 1486 3067 intellegenda
1550 2986 1634 3048 sit
1697 3004 1916 3049 earum
1979 2984 2328 3067 inscriptiQ
2393 2984 2685 3048 indicant
2741 2991 2987 3069 aperte.

728 3092 826 3156 Ita
872 3093 1046 3155 enim
1091 3092 1318 3156 Latine
1367 3098 1575 3155 vertas
1625 3084 1996 3173 ἀποφάσεις,
2045 3096 2117 3154 ut
2164 3091 2340 3154 dicas
2387 3092 2826 3155 sententias
2877 3112 2988 3157 eas

730 3218 867 3263 esse
916 3198 1460 3281 Pythagoreorum
1506 3199 1611 3263 vel
1661 3218 1914 3277 voces3
1973 3218 2055 3262 ne
2105 3198 2346 3281 „dicta“
2394 3198 2654 3280 quidem
2712 3218 2988 3281 prorsus

729 3312 902 3370 recte
947 3325 1277 3389 proponas,
1372 3305 1572 3369 Cuius
1629 3306 2172 3388 interpretationis
2225 3324 2415 3370 nemo
2483 3304 2713 3368 melior
2777 3308 2987 3370 acciri

728 3418 937 3496 potest
970 3417 1277 3496 patronus
1315 3433 1508 3495 quam
1546 3411 1938 3475 Aristoteles,
2031 3412 2307 3495 Metaph.
2345 3414 2454 3481 Α7
2491 3432 2546 3495 p.
2574 3412 2784 3475 107322
2818 3415 2988 3477 l4ss

728 3514 1006 3605 πότερον
1060 3518 1130 3582 δὲ
1173 3522 1329 3599 μίαν
1375 3521 1609 3582 θετέον
1653 3509 1770 3603 τὴν
1822 3513 2123 3603 τοιαύτην
2175 3511 2397 3581 οὗσίαν
2442 3509 2481 3603 ἢ
2527 3517 2817 3599 πλείους,
2878 3522 2990 3583 καὶ

729 3620 947 3706 πόσας,
995 3626 1097 3689 δεῖ
1135 3618 1226 3710 μὴ
1272 3619 1632 3703 λανθάνειν,
1691 3617 1851 3687 ἀλλὰ
1893 3627 2266 3710 μεμνῆσθαι
2319 3627 2423 3693 καὶ
2477 3617 2609 3696 τὰς
2653 3628 2806 3687 τῶν
2859 3621 2988 3689 ἄλ-

727 3733 873 3797 λων
918 3734 1075 3815 (scil.
1122 3725 1509 3815 φιλοσόφων)
1559 3724 2012 3813 ἀποφάσεις,
2072 3724 2170 3795 ὅτι
2224 3734 2380 3818 περὶ
2431 3725 2733 3813 πλήθους
2789 3726 2989 3797 οὐδὲν

729 3832 1062 3925 εἰρήκασιν,
1118 3832 1215 3903 ὅτι
1261 3841 1367 3903 καὶ
1426 3837 1624 3921 σαφὲς
1673 3836 1900 3903 εἰπεῖν.
1956 3840 2062 3903 hic
2120 3858 2286 3903 unus
2333 3844 2428 3903 est
2483 3840 2664 3903 locus
2724 3842 2984 3905 Aristo-

730 3948 888 4027 telis,
936 3946 1048 4009 ubi
1086 3946 1165 4011 de
1203 3947 1323 4011 hac
1358 3946 1565 4010 forma
1601 3948 1780 4013 vocis
1828 3946 2082 4010 codices
2122 3947 2537 4010 consentiant.
2632 3946 2990 4013 Praeterea

730 4054 1196 4118 observandum
1252 4055 1321 4117 in
1378 4055 1752 4137 fragmento,
1810 4053 1983 4135 quod
2036 4054 2107 4115 in
2153 4054 2323 4117 veris
2366 4047 2772 4133 Ἆποφάσεων
2834 4056 2990 4119 reli-

730 4162 901 4243 quiis
956 4181 1148 4244 supra
1202 4161 1567 4226 ducendum
1616 4161 1772 4242 dixi,
1828 4161 1924 4223 sic
1977 4160 2156 4242 loqui
2211 4160 2676 4224 Aristoxenum
2735 4162 2777 4225 J
2781 4162 2983 4225 ambl.

731 4271 767 4349 ξ
819 4268 971 4331 182:
1032 4259 1227 4352 ἀρχὴν
1280 4266 1349 4331 δὲ
1408 4260 1935 4348 ἀπεφαίνοντο
1983 4262 2051 4333 ἐν
2104 4267 2302 4329 παντὶ
2359 4262 2428 4330 ἕν
2465 4290 2544 4351 τι
2587 4270 2719 4329 τῶν
2765 4292 2992 4351 τιμιω-
