3200 5050
1591 379 2029 441 ³40-

693 591 885 656 supra
931 591 1070 638 esse
1119 574 1390 638 discreta
1425 574 1612 638 Vitae
1653 579 1717 638 et
1753 575 2223 639 Sententiarum
2265 575 2619 658 fragmenta
2656 575 2927 654 credam,

689 680 1073 762 simulatque
1119 682 1343 744 harum
1391 684 1665 765 vestigia
1708 684 1778 744 in
1825 684 2169 745 summario
2218 687 2467 776 reperta
2524 689 2713 746 erunt
2758 682 2926 764 quod

687 787 858 848 infra
904 788 1297 851 exhibemus
1391 787 1805 852 Conferamus
1850 789 2049 872 igitur

822 949 1090 1011 Antonii
1564 950 1940 1012 Aristoxeni
2339 967 2345 973 ·
2485 949 2720 1013 Laertii

759 1069 845 1126 38.
883 1065 1112 1145 παρῄνει
1159 1069 1221 1124 δὲ
1345 1073 1463 1125 174.
1503 1071 1561 1124 τὸ
1596 1072 1935 1126 διανοεῖσθαι
1976 1072 2102 1144 περὶ
2140 1073 2234 1124 τοῦ
2358 1072 2444 1124 23.
2484 1065 2645 1130 θεοὺς
2674 1070 2779 1144 μὲν
2814 1073 2922 1124 δαι-

689 1161 815 1234 περὶ
849 1157 952 1232 μὲν
985 1162 1078 1214 τοῦ
1104 1163 1218 1213 θεί-
1274 1164 1484 1226 θείου,
1523 1152 1590 1220 ὧς
1628 1159 1734 1214 ἔστι
1772 1177 1830 1212 τε
1866 1161 1958 1212 καὶ
2004 1159 2138 1232 πρὸς
2174 1163 2232 1212 τὸ
2286 1155 2467 1232 μόνων
2485 1163 2771 1235 προτιμᾶν,
2790 1160 2922 1234 ἣρω-

687 1269 748 1300 ου
803 1251 894 1301 καί
940 1250 1216 1322 δαιμονίου
1271 1243 1617 1321 ἀνθρώπινον
1672 1249 1823 1318 γένος
1886 1247 2047 1308 οὕτως
2102 1247 2231 1322 ἔχει,
2288 1270 2349 1309 ας
2383 1243 2437 1302 δ’
2475 1243 2799 1322 ανθρώπων,
2837 1271 2919 1302 αν-

685 1340 776 1390 καί
813 1330 988 1411 ἡρῴου
1034 1339 1221 1409 γένους
1273 1330 1340 1397 ὧς
1376 1335 1676 1406 ἐπιβλέπειν
1712 1339 1803 1391 καὶ
1834 1336 1911 1410 μὴ
1953 1333 2233 1410 ὀλιγωρεῖν
2287 1332 2522 1411 θρώπων
2573 1340 2635 1392 δἐἰ
2696 1335 2919 1412 ιιάλιστα

687 1420 929 1500 εὔφημον
957 1425 1098 1480 εἶναι
1125 1431 1218 1481 καὶ
1272 1420 1438 1480 αὔτοῦ
1473 1423 1743 1528 χρήσιμον
1780 1407 2184 1498 υπελιίμβανον.
2216 1469 2229 1480 .
2288 1425 2405 1487 τοὺς
2442 1428 2645 1497 γονέας.
2724 1477 2728 1481 .

686 1509 909 1590 ἀγαθὴν
959 1516 1108 1588 ἔχειν
1143 1519 1217 1571 δι·
1345 1517 1464 1571 175.
1503 1510 1590 1569 αεὶ
1656 1520 1909 1570 τίθεσθαι
1973 1511 2077 1589 πρὸ
2143 1518 2231 1589 τῆς
2322 1516 2541 1586 (Quae
2564 1518 2920 1588 subsequun-

687 1602 891 1676 α’νοιαν,
922 1608 1136 1674 γονεῦσι
1159 1607 1219 1658 δὲ
1269 1606 1588 1676 διανοίας,
1647 1598 1713 1666 ὡς
1758 1601 2121 1674 ἐπιβλέποντος
2172 1625 2229 1658 τε
2284 1612 2384 1660 tur
2411 1624 2611 1660 eornm
2638 1611 2789 1660 ratio
2807 1623 2920 1660 non

685 1697 776 1747 καὶ
803 1688 1106 1768 εὐεργέταις
1132 1693 1216 1748 εὕ-
1270 1697 1361 1747 καὶ
1414 1690 1915 1768 παραφυλαττοντος
1967 1695 2087 1749 scil.
2139 1697 2230 1747 τοῦ
2285 1701 2374 1750 est
2438 1696 2725 1762 habenda,
2792 1713 2919 1750 cum

684 1805 834 1836 νουν·
908 1780 1090 1857 νόμοις
1159 1784 1220 1836 δὲ
1271 1787 1424 1838 θείου
1463 1781 1559 1857 τὴν
1596 1779 1948 1857 ἆνθρωπίνην
1988 1778 2226 1856 ἆγωγήν.
2284 1785 2438 1855 quod
2466 1789 2549 1839 eis
2576 1785 2919 1856 respondeat

686 1876 1000 1928 πείθεσθαι.
1267 1869 1404 1946 μετὰ
1434 1873 1501 1928 δὲ·
1521 1869 1579 1928 τὸ
1607 1870 1763 1927 θεῖόν
1790 1893 1848 1926 τε
1885 1877 1975 1926 καὶ
2012 1870 2070 1927 τὸ
2097 1875 2227 1927 δἀι-
2283 1892 2359 1929 ne
2408 1875 2563 1946 apud
2598 1874 2919 1928 Antonium

1265 1985 1310 2036 μ
1322 1967 1349 2016 ό
1360 1985 1391 2016 ν
1401 1985 1420 2016 ι
1431 1985 1458 2016 ο
1469 1985 1500 2016 ν
1517 1967 1611 2018 πλε
1617 1971 1761 2016 ἴστον
1779 1969 2053 2018 ποιεῖσθαι
2069 1958 2228 2033 λόγον
2281 1963 2511 2034 quidem
2548 1965 2917 2030 inveniatur.)

1271 2053 1514 2122 γονέων
1550 2054 1643 2105 καὶ
1668 2051 1883 2125 νόμων
1909 2055 2002 2105 καὶ
2032 2048 2227 2106 τούτων
2281 2047 2429 2126 νόμῳ
2461 2060 2699 2122 βοηθεῖν,
2724 2045 2916 2124 οἷνομίᾳ

1271 2134 1506 2213 ὖπήκοον
1571 2133 1735 2194 αὖτὸν
1796 2137 2224 2208 κατασκευάζειν.
2282 2148 2555 2215 πολεμεῖν.

683 2306 853 2387 Ergo
887 2307 1054 2368 siout
1079 2308 1406 2388 superiore
1435 2308 1781 2368 summario
1810 2311 1985 2385 Βίου,
2018 2309 2112 2371 sio
2144 2307 2447 2369 inferiore
2504 2298 2916 2385 Ἀποφάσεων

684 2418 1008 2494 tamquam
1055 2413 1331 2496 epitoma
1378 2413 1688 2494 quaedam
1737 2414 2312 2496 comprehenditur.
2360 2449 2443 2458 —

863 2519 1082 2584 Unum
1127 2520 1194 2582 id
1242 2520 1498 2584 videtur
1543 2541 1729 2604 posse
1770 2524 2021 2605 opponi,
2072 2521 2240 2603 quod
2289 2521 2556 2583 Antonii
2606 2519 2759 2603 περὶ
2803 2520 2913 2580 τοῦ

595 2638 598 2641 ’
682 2629 871 2689 θείου
935 2626 1058 2690 κτέ.
1109 2628 1186 2690 ad
1250 2629 1614 2691 πείθεσθαι
1673 2628 1752 2691 ad
1814 2629 2077 2692 verbum
2144 2630 2278 2692 fere
2342 2629 2726 2691 conveniant
2772 2646 2913 2689 oum

681 2735 722 2797 J
728 2734 1031 2797 ambliohi
1079 2736 1114 2815 ἓ
1168 2735 1310 2816 100,
1373 2736 1558 2797 ouius
1622 2755 1750 2797 non
1818 2754 1900 2799 ex
1966 2729 2343 2815 Ἄποφάσεσι
2412 2735 2765 2797 derivatum
2836 2734 2915 2794 sit

683 2847 1140 2923 argumentum,
1207 2840 1318 2904 sed
1376 2860 1410 2904 e
1465 2844 1612 2925 Βίῳ.
1742 2842 1974 2905 Audio¹
2022 2879 2105 2888 --
2172 2842 2335 2904 nihil
2401 2846 2617 2905 tamen
2680 2850 2908 2904 metuo,

681 2947 953 3030 Etenim,
1002 2968 1085 3011 ex
1132 2948 1254 3011 hoo
1301 2948 1440 3011 loeo
1487 2949 1864 3013 Aristoxeni
1901 2954 1972 3011 ut
1997 2950 2121 3011 ista
2154 2954 2457 3032 excerpta
2485 2950 2631 3029 sint⁷
2681 2966 2910 3029 quaero

682 3075 798 3118 our
845 3060 1122 3117 mutatus
1170 3056 1254 3117 sit
1299 3057 1758 3119 sententiarum
1807 3056 1976 3119 ordo,
2042 3055 2357 3132 Quoniam
2386 3056 2669 3119 indidem
2699 3060 2910 3138 petere

681 3161 866 3225 licuit
899 3162 1055 3224 illud
1104 3154 1307 3242 φυτὸν
1351 3154 1589 3248 ἥμερον
1634 3164 1739 3225 καὶ
1787 3158 2119 3248 ἔγκαρπον,
2168 3155 2328 3225 ἀλλὰ
2363 3161 2527 3248 μηδὲ
2565 3161 2719 3247 ζῷον
2755 3154 2788 3221 ὃ
2824 3152 2911 3243 μὴ

678 3261 990 3353 βλαβερὸν
1051 3259 1218 3332 εἶναι
1282 3273 1534 3350 πέφυκε
1597 3273 1687 3354 τῷ
1753 3270 2138 3355 ἀνθρωπείῳ
2204 3274 2365 3349 γένει
2409 3264 2573 3355 μήτε
2619 3271 2911 3353 φθείρειν

677 3369 841 3459 μήτε
887 3370 1198 3459 βλάπτειν
1243 3376 1472 3459 Porph.
1523 3377 1626 3457 39,
1705 3377 1784 3441 ef.
1831 3377 2034 3441 Laert.
2084 3378 2186 3458 23,
2237 3398 2351 3440 our
2396 3397 2525 3440 non
2571 3375 2910 3439 succedere

679 3483 796 3564 his,
864 3503 1012 3546 oum
1058 3484 1487 3546 Aristoxenus
1553 3484 1865 3565 suaderet7
1924 3486 2101 3547 iussa
2159 3490 2310 3547 sunt
2366 3486 2519 3568 περὶ
2566 3486 2681 3545 τοῦ
2724 3484 2909 3545 θείου

678 3588 849 3651 nit?
943 3589 1183 3654 Eadem
1254 3592 1424 3652 enim
1493 3609 1683 3652 eausa
1750 3596 1846 3653 est
1890 3592 2026 3655 sive
2073 3591 2377 3673 probatur
2413 3592 2549 3653 sive
2596 3610 2725 3652 non
2772 3608 2910 3671 pro-

679 3697 882 3778 batur,
931 3716 1118 3779 quam
1169 3697 1464 3778 equidem
1513 3697 1710 3779 probo
1750 3697 1985 3760 Rohdii
2026 3700 2422 3776 coniectura3
2448 3681 2596 3759 rid.
2638 3695 2910 3759 Nauokii

680 3803 874 3883 adn.¹)
905 3802 1029 3866 Sed
1058 3804 1179 3866 hoe
1210 3804 1480 3867 alterum
1513 3808 1610 3867 est
1639 3808 1701 3867 et
1720 3804 1890 3885 quod
1920 3809 2173 3867 moveat
2191 3810 2440 3867 tantum
2465 3804 2909 3886 suspicionem.

859 3999 900 4065 ²)
940 3995 1284 4050 Confirmari
1321 4013 1450 4049 eam
1481 4002 1719 4070 „egregie
1747 3996 1958 4068 plurali
1984 3990 2184 4056 τούτοις
2208 4015 2261 4051 v.
2282 3995 2319 4049 8
2346 3996 2612 4051 Rohdius
2650 4000 2761 4050 etsi
2795 4012 2911 4049 non

677 4086 826 4139 dixit
869 4085 1030 4139 haud
1083 4085 1258 4139 dubie
1303 4103 1422 4140 non
1466 4090 1730 4141 nescivit.
1774 4118 1831 4125 —
1876 4085 2093 4141 Contra
2137 4091 2427 4140 immerito
2481 4089 2723 4153 censuit,
2781 4102 2910 4138 cnm

674 4173 1004 4243 βλάπτεσθαι
1042 4180 1102 4229 et
1136 4177 1467 4247 φθείρεσθαι
1505 4179 1845 4229 vetarentur
1882 4176 2155 4230 animalia
2190 4180 2457 4243 innocua,
2506 4174 2667 4229 caedi
2712 4191 2782 4228 ea
2816 4190 2911 4227 ve-

675 4269 803 4317 tari.
877 4264 1092 4319 Vexari
1128 4263 1236 4328 vel,
1273 4268 1323 4318 si
1351 4263 1502 4333 lieet,
1540 4265 1800 4318 mutilari
1836 4270 2127 4319 vetantur.
2200 4264 2359 4355 Ergo
2386 4264 2535 4318 1111111
2572 4281 2706 4318 eum
2741 4281 2796 4336 p.
2826 4264 2909 4330 72,

678 4353 746 4406 10
781 4356 1232 4406 inimicitiarum.
