3200 5050
398 610 521 674 Sed
568 615 963 674 revertemur
1026 611 1155 675 huc
1211 612 1401 694 paulo
1447 617 1683 696 postea.
1778 613 2117 697 Absumpti
2163 617 2314 677 sunt
2355 615 2456 676 in-

222 717 381 780 dicis
436 718 623 781 tituli.
715 718 883 799 Apte
942 710 1215 803 μανιικὴ
1261 719 1564 802 subiungi
1613 719 1868 783 videtur
1911 721 2269 785 medicinae
2317 718 2454 783 rnu-v

220 825 519 906 sicaeque
584 825 875 906 geminis,
940 825 1036 886 illi
1093 844 1169 889 ea
1223 846 1404 908 quae,
1470 847 1617 888 cum
1675 827 1754 888 ad
1801 827 2105 890 audiendi
2153 829 2454 890 virtutem

220 936 595 1013 spectarent,
662 931 1243 1000 commodissimum
1310 933 1387 996 ad
1434 929 1669 1013 ἐτίμων
1727 933 1845 996 κτὲ.
1913 937 2252 998 transitum
2299 934 2455 998 effe—

217 1043 461 1104 cerunt.
510 1075 594 1086 -

390 1146 619 1228 Itaque
665 1147 901 1210 reverti
950 1146 1026 1209 ad
1075 1148 1468 1229 propositum
1514 1148 1683 1212 licet.

392 1253 719 1316 Lemmate
754 1255 1004 1335 privata
1038 1253 1108 1314 in
1146 1253 1316 1316 Stob.
1354 1254 1517 1318 Flor.
1556 1256 1588 1319 I
1629 1258 1708 1318 71
1750 1255 1830 1318 Η.
1867 1256 2227 1338 produntur
2264 1255 2450 1318 haec:

216 1355 283 1421 ἐκ
345 1358 467 1439 μὲν
528 1360 640 1444 τῆς
684 1362 1052 1444 μαντικῆς
1098 1359 1587 1446 (προμαντικῆςε
1659 1382 1775 1428 em.
1837 1362 2082 1443 Nauck)
2147 1356 2454 1447 πρόνοιαν

218 1462 462 1547 ἔφασαν
519 1468 651 1530 δεῖν
705 1462 1039 1552 ἐπιζητεῖν,
1104 1466 1175 1530 ἐκ
1220 1467 1290 1530 δὲ
1334 1471 1445 1554 τῆς
1489 1466 1832 1555 ἰατρικῆς
1877 1472 1989 1554 τῆς
2033 1489 2104 1531 τε
2149 1473 2455 1554 προνοίας

215 1568 663 1658 ἐπανόρθωσιν
691 1626 705 1640 .
746 1625 758 1637 .
794 1624 807 1636 .
888 1577 1093 1636 ταῦτα
1146 1567 1263 1660 γὰρ
1316 1567 1481 1638 εἶναι
1525 1581 1779 1662 πέρατα
1832 1579 1942 1661 τῆς
1987 1573 2268 1661 ἰατρικῆς
2312 1572 2450 1638 ἔπι-

217 1676 481 1768 στήμης·
546 1678 615 1744 ἐκ
680 1681 749 1744 δὲ
806 1684 918 1766 τῆς
972 1685 1342 1768 μουσικῆς
1415 1681 1719 1769 αἴσθησιν
1775 1677 1994 1770 ἀκριβῆ
2048 1704 2120 1746 τε
2167 1686 2272 1746 καὶ
2317 1679 2452 1746 ἐπι-

215 1782 605 1873 στημονικήν,
652 1785 723 1851 ἐκ
768 1787 837 1851 δὲ
874 1792 999 1850 τῶν
1026 1791 1498 1874 μαθηματικῶν
1536 1783 2014 1871 ὅνομαζομὲνων
2042 1787 2453 1871 συλλογισμόν

213 1915 279 1956 τε
318 1878 433 1958 ’καὶ
474 1888 798 1971 ἀπόδειξιν
824 1899 951 1958 τῶν
987 1897 1063 1959 δι’
1103 1889 1314 1958 αὐτῶν
1350 1893 1695 1983 νοημάτων.
1775 1898 1951 1976 Quae
1991 1897 2450 1980 Anthologium

214 2022 590 2084 percurrens
656 2023 804 2066 cum
868 2005 1147 2086 primum
1207 2004 1350 2086 legi,
1420 2006 1571 2086 quia
1635 2005 1919 2069 indicem
1981 2005 2164 2068 illum
2225 2008 2261 2084 ξ
2327 2006 2447 2068 163

213 2111 519 2174 memoria
555 2110 869 2191 tenebam,
898 2111 1107 2173 statim
1148 2111 1283 2173 vidi
1320 2111 1752 2194 fragmentum
1788 2112 1854 2174 id
1890 2131 2028 2176 esse
2057 2112 2448 2175 Aristoxeni.

212 2215 459 2280 Deinde
522 2216 928 2280 Meinekeum
991 2217 1113 2280 hoc
1178 2236 1523 2300 occupasse
1585 2219 1898 2300 intellexi,
1965 2219 2078 2300 qui
2136 2197 2308 2282 recte
2371 2217 2450 2280 ad

212 2313 598 2405 Ἀποφάὰεις
660 2323 726 2386 id
793 2323 1051 2387 rettulit.
1071 2323 1118 2400 1)
1213 2323 1373 2386 Nam
1421 2324 1529 2388 hic
1575 2324 1750 2387 solus
1794 2325 2262 2408 Pythagoricus
2311 2325 2449 2388 eius

212 2430 463 2496 libellus
510 2430 589 2494 ad
630 2430 1035 2496 condendum
1073 2431 1537 2513 Anthologium
1593 2431 1858 2495 collatus
1919 2438 2030 2496 est.
2113 2431 2450 2495 Praeterea

211 2536 520 2602 formulae
585 2534 833 2619 ἔφασαν
886 2537 1008 2601 nce.
1064 2540 1133 2601 in
1200 2538 1347 2601 unis
1394 2540 1621 2601 harum
1666 2540 2041 2623 fragmentis
2099 2558 2254 2602 usus
2303 2560 2448 2623 cog-

214 2647 509 2709 noscitur.
601 2646 827 2728 Neque
892 2648 1092 2728 igitur
1154 2647 1387 2708 mirum
1455 2652 1827 2729 excerptum
1875 2647 2058 2710 illinc
2119 2646 2448 2729 Florilegii

212 2751 547 2815 frustulum
610 2772 821 2834 neque
886 2754 1085 2815 inseri
1142 2771 1332 2841 posse
1397 2772 1606 2834 neque
1654 2753 1839 2839 affigi
1887 2755 1966 2835 ἐξ
2018 2754 2140 2818 163
2191 2754 2270 2815 ad
2321 2754 2445 2815 165

210 2858 249 2919 J
251 2859 433 2922 ambl.
526 2859 707 2941 Nam,
773 2860 829 2922 si
893 2864 1067 2923 recte
1132 2864 1317 2923 antea
1362 2860 1717 2923 iudicatum
1763 2866 1874 2942 est,
1939 2860 2018 2924 de
2063 2860 2286 2924 iisdem
2337 2866 2450 2922 aut

214 2972 379 3029 certe
428 2966 751 3029 similibus
796 2966 988 3030 rebus
1036 2967 1104 3029 in
1148 2966 1312 3029 libro
1362 2971 1634 3049 utroque
1682 2968 2011 3050 disputare
2055 2968 2444 3031 Aristoxeno

209 3072 403 3137 licuit.

383 3180 535 3244 Huc
581 3180 781 3263 igitur
824 3181 1146 3263 pertinent
1194 3200 1269 3244 ea
1314 3182 1508 3245 verba
1554 3201 1720 3263 quae
1767 3200 1802 3245 e
1850 3182 1887 3262 ξ
1939 3183 2066 3244 164
2112 3180 2300 3244 modo
2347 3200 2445 3243 re-

210 3287 529 3369 solvimuS,
580 3282 775 3372 ᾤοντο
822 3286 893 3350 δὲ
938 3288 1072 3350 δεῖν
1118 3293 1403 3367 κατέχειν
1448 3284 1517 3350 ἐν
1560 3283 1819 3375 μνήμῃ
1864 3287 2012 3369 κτλ,
2061 3307 2444 3370 quamquam

210 3399 417 3457 utrum
465 3396 930 3477 praecesserint
968 3416 1048 3457 an
1096 3402 1314 3459 secuta
1362 3398 1491 3458 sint
1534 3395 1646 3458 illa
1691 3396 2032 3458 diiudicari
2070 3397 2184 3457 vix
2219 3399 2442 3477 potest.

210 3499 439 3564 Contra
488 3501 588 3565 vel
651 3502 832 3565 locus
880 3501 1136 3565 videtur
1198 3504 1467 3585 reperiri
1530 3521 1718 3585 posse
1774 3502 2130 3584 fragmento
2175 3522 2302 3564 non
2353 3503 2445 3563 ita

210 3626 432 3690 magno
502 3608 672 3673 Stob.
733 3608 821 3672 Fi.
869 3609 901 3672 I
953 3611 1072 3673 101
1135 3611 1214 3674 Η.
1280 3604 1397 3694 τὴν
1463 3602 1678 3694 ἀληθῆ
1742 3607 2116 3689 φιλοκαλίαν
2178 3604 2246 3671 ἐν
2312 3616 2444 3679 τοῖς

380 3840 419 3906 ¹)
459 3836 677 3891 Contra
730 3856 805 3893 ne
860 3856 993 3892 cum
1048 3837 1248 3892 eodem
1305 3842 1429 3892 viro
1484 3838 1818 3892 doctissimo
1863 3836 2016 3891 Flor.
2054 3836 2087 3889 I
2126 3838 2174 3905 1,
2224 3836 2328 3889 199
2365 3836 2440 3890 Η.

208 3915 543 3994 Ἀποφοέσεσιν
596 3931 725 4007 quis
778 3926 1058 3981 intrudat.
1133 3926 1187 3979 A
1236 3927 1447 3996 quibus
1501 3932 1767 3981 musivus
1810 3931 1921 3981 iste
1967 3942 2155 3980 sermo
2205 3942 2442 3997 prorsus

211 4013 487 4070 abhorret.
563 4014 791 4070 Deinde
840 4015 1115 4085 symbolis
1162 4015 1235 4069 ab
1280 4016 1630 4070 Aristoxeno
1677 4016 1867 4071 locum
1923 4032 2049 4070 esse
2104 4031 2440 4069 concessum

208 4100 357 4155 haud
392 4104 723 4159 verisimile.
797 4104 1038 4159 Lemma
1073 4104 1296 4175 pridem
1334 4108 1581 4174 interiit3
1619 4122 1772 4159 vane
1807 4104 2074 4160 refictum
2123 4109 2211 4159 est
2249 4105 2438 4155 Πυθα-

210 4189 406 4263 γορικά.
480 4192 800 4247 Plutarcho
837 4198 961 4247 sine
1000 4210 1175 4247 causa
1214 4192 1702 4261 Wyttenbachius
1739 4193 1957 4247 tribuit.
2035 4191 2441 4261 Symbolorum

208 4278 471 4336 thesauro
518 4286 835 4353 praemissa
888 4286 1069 4335 erant.
1163 4280 1471 4335 Simillima
1515 4280 1556 4336 J
1560 4281 1730 4338 ambl.
1788 4280 2087 4353 praefatur
2141 4284 2440 4333 occasione

211 4367 336 4424 data
370 4372 442 4441 ἐξ
482 4371 586 4425 105
625 4375 684 4426 et
721 4370 841 4425 227.

2081 4479 2114 4533 3
