3200 5050
1171 379 1608 441 *15—

448 575 544 639 De
629 577 823 640 variis
887 575 1345 661 cupiditatibus
1408 577 1830 659 temperantia
1898 575 2232 639 vincendis
2315 573 2511 638 verba

261 683 441 746 fiunt
485 685 553 745 in
602 684 681 765 ἓξ
731 685 857 748 205
907 684 981 746 ad
1034 685 1196 747 208:
1247 702 1376 747 una
1422 683 1834 764 desideratur,
1881 675 1964 744 τὰ
2000 675 2354 766 ἀφροδίσια.
2420 684 2509 744 At

263 790 371 853 his
434 792 763 873 proprium
828 796 1017 873 atque
1082 791 1455 874 ampliorem
1520 790 1732 854 locum
1791 790 1940 855 dare
2009 795 2232 854 auctor
2279 790 2504 866 voluit3

263 900 445 960 recte
492 898 664 961 enim
712 899 805 962 eis
862 903 926 962 et
968 899 1039 960 in
1084 899 1489 961 matrimonio
1538 904 1602 960 et
1656 899 1725 960 in
1773 897 2207 961 adulescentia
2251 896 2506 959 fruendi

267 1010 612 1087 praecepta
656 1006 1081 1068 inveniuntur
1125 1006 1193 1067 in
1243 1006 1321 1086 ἐξ
1369 1005 1497 1069 209
1546 1004 1626 1068 ad
1674 1006 1821 1068 213.
1915 1005 2119 1082 Quam
2167 1009 2301 1068 arte
2349 1005 2507 1067 haec

267 1130 528 1193 quoque
594 1131 741 1175 cum
805 1111 1241 1195 superioribus
1307 1113 1692 1176 cohaereant
1753 1111 1961 1192 vides3
2039 1113 2273 1176 iterum
2354 1131 2506 1175 vero

267 1218 519 1300 plaudit
589 1219 632 1283 J
636 1238 875 1282 oannes
950 1219 1133 1301 (Flor.
1203 1220 1346 1300 101,
1402 1223 1490 1301 4),
1568 1219 1679 1282 ubi
1744 1215 1814 1282 ἐκ
1884 1221 2011 1282 τῶν
2077 1220 2506 1304 Ἀριστοξένου

267 1328 761 1410 Πυθαγορείου
819 1326 1195 1390 inscribitur
1259 1327 1328 1388 in
1394 1325 1675 1390 editione
1732 1324 2214 1413 Meinekiana.²)
2319 1327 2508 1390 Prae-

270 1438 449 1496 terea
511 1432 605 1495 ibi
668 1434 822 1518 περὶ
886 1431 954 1496 δὲ
998 1436 1293 1512 γενέσεως
1338 1433 1591 1496 παίδων
1637 1430 1810 1513 ἔλεγε
1857 1433 2032 1514 (sici)
2079 1433 2328 1517 legitur.
2420 1435 2509 1497 At

268 1540 539 1602 fortasse
617 1540 683 1601 id
760 1559 889 1602 non
963 1539 1264 1603 traditum
1344 1545 1441 1604 est
1513 1561 1748 1620 unum3
1829 1541 1906 1604 cf.
1977 1543 2152 1606 enim
2218 1541 2372 1624 quid
2427 1541 2508 1604 ad

268 1646 435 1710 Flor.
488 1647 585 1728 10,
608 1725 613 1730 ,
636 1649 714 1710 67
758 1648 883 1728 (10,
924 1647 1007 1709 66
1040 1647 1279 1725 Hense)
1327 1653 1699 1711 annotatum
1731 1650 1817 1710 sit
1847 1648 1925 1711 ab
1963 1649 2241 1727 Hensio;
2288 1668 2508 1730 quam-

271 1773 465 1836 quam
526 1749 755 1832 ἔλεγεν
818 1758 914 1816 est
977 1754 1163 1816 etiam
1214 1756 1283 1817 in
1328 1754 1476 1818 Flor
1526 1759 1579 1835 1,
1634 1756 1752 1817 101
1805 1755 1884 1820 H.
1933 1754 2056 1818 Sed
2105 1755 2261 1826 haec
2305 1754 2508 1818 forma

270 1880 403 1923 non
452 1866 549 1924 est
592 1861 875 1943 genuina
920 1861 1372 1940 existimanda3
1421 1881 1569 1924 nam
1616 1862 2019 1924 Jamblichus
2068 1861 2226 1924 dicit
2268 1863 2330 1944 (ξ
2378 1862 2506 1924 209

271 1969 386 2049 in.)
432 1960 585 2029 τάδε
631 1965 833 2046 λέγειν
878 1959 1154 2038 αι’τούς
1200 1963 1467 2049 ἔφασαν.

450 2073 779 2156 Progressi
834 2093 1084 2138 eramus
1130 2074 1210 2138 ad
1267 2079 1305 2155 ξ
1352 2077 1479 2139 213
1534 2067 1653 2159 τὴν
1705 2079 2110 2138 τεκνοποιίαν
2155 2068 2335 2161 παρὰ
2379 2083 2511 2146 τοῖς

271 2179 549 2258 πολλοῖς,
616 2201 779 2264 quae
845 2188 1132 2246 extrema
1196 2189 1346 2245 sunt
1408 2183 1601 2245 huius
1664 2184 1892 2267 capitis
1940 2180 2377 2262 Aristoxenei3
2426 2202 2506 2246 ex

269 2289 683 2373 Peripatetici
750 2290 923 2353 enim
989 2290 1325 2353 cuiusdam
1392 2290 1657 2352 officina
1702 2294 2022 2372 postrema
2068 2309 2323 2372 quoque
2370 2308 2509 2353 esse

272 2396 575 2479 profecta,
621 2415 705 2460 ne
752 2401 885 2460 arte
925 2417 1001 2461 ea
1034 2395 1357 2480 prioribus
1394 2397 1830 2478 adhaererent,
1869 2396 2262 2460 indicaretur
2298 2396 2510 2460 verbis

276 2505 313 2585 ἓ
361 2504 488 2567 212
540 2495 715 2576 ὅπως
759 2499 831 2578 ἐξ
876 2485 963 2567 ὧν
1008 2503 1110 2567 δεῖ
1150 2504 1257 2568 καὶ
1283 2495 1410 2567 ’ὅτε
1443 2503 1544 2567 δεῖ
1568 2505 1674 2567 καὶ
1707 2503 1791 2576 ὥς
1821 2504 1922 2568 δεῖ
1944 2503 2354 2584 διακειμένων
2384 2501 2508 2567 κτὲ.

278 2610 513 2692 quibus
560 2611 797 2675 auditis
842 2612 1052 2695 ipsum
1103 2613 1382 2696 opineris
1427 2612 1715 2675 locutum
1763 2631 1902 2677 esse
1948 2612 2373 2675 Aristotelem.

448 2716 662 2782 Facile
726 2718 1101 2801 gravissima
1166 2720 1454 2801 quaestio
1518 2720 1744 2783 ultima
1808 2721 2011 2783 oritur
2063 2739 2216 2782 num
2266 2739 2393 2800 qua
2439 2720 2508 2781 in

274 2829 450 2908 parte
480 2824 631 2889 libri
662 2828 1130 2911 Πυθαγορικῶν
1164 2820 1563 2908 Ἄποφοὶσεων
1601 2828 1964 2891 exstiterint
2004 2827 2163 2892 haec
2211 2827 2511 2910 cognosci

274 2934 488 3015 possit.
582 2934 679 2997 Ac
726 2934 783 2996 si
832 2935 975 3015 quis
1022 2952 1239 2997 secum
1289 2937 1543 3017 reputet
1588 2935 1668 3015 ἐξ
1701 2935 1830 2998 200
1862 2934 1941 2997 ad
1969 2935 2099 2997 204
2127 2934 2512 3017 generaliter

276 3040 693 3103 demonstrari
740 3039 1027 3104 homines
1076 3039 1440 3105 educandos
1487 3059 1644 3122 esse,
1685 3041 1920 3105 deinde
1968 3043 2305 3104 transitum
2367 3041 2506 3103 fieri

276 3146 351 3209 ad
418 3152 659 3211 certam
705 3147 1007 3211 virtutem
1076 3149 1385 3211 institutis
1442 3168 1517 3211 ac
1562 3150 1922 3231 praeceptis
1969 3148 2332 3230 ornandam,
2379 3167 2508 3211 non

277 3258 370 3317 est
436 3254 607 3336 quod
674 3253 874 3317 multa
937 3254 1130 3317 verba
1192 3254 1359 3317 fiant
1421 3259 1491 3317 ut
1556 3256 1919 3338 superiores
1976 3257 2325 3340 perspiciat
2350 3256 2510 3319 illas

274 3360 701 3443 paragraphos
791 3360 1289 3425 fundamento
1378 3380 1545 3426 esse
1633 3362 2032 3427 doctrinae
2116 3362 2510 3427 cuiusdam

277 3468 581 3531 ethicae
631 3504 712 3513 -—
763 3467 843 3529 ad
881 3487 1074 3532 unam
1107 3470 1277 3532 enim
1318 3469 1626 3533 moralem
1663 3469 2128 3553 philosophiam
2156 3470 2510 3553 fragmenta

278 3576 593 3657 pertinent
652 3568 1068 3656 Ἅποφάσεων,
1134 3595 1295 3657 quae
1348 3575 1499 3639 libri
1546 3577 1806 3640 nomine
1855 3584 2006 3640 sunt
2049 3578 2360 3639 instructa
2403 3612 2508 3658 -,

276 3682 380 3745 cui
425 3681 838 3747 fundamento
888 3682 1103 3763 qualia
1166 3683 1579 3747 inaedificata
1626 3684 1869 3747 fuerint
1915 3684 2168 3766 singula
2213 3685 2507 3766 exemplo

276 3789 479 3871 prima
541 3794 638 3852 est
704 3790 741 3869 ἕ
791 3790 939 3852 205.
1030 3788 1223 3853 Initio
1290 3791 1491 3872 igitur
1556 3789 1708 3854 libri
1772 3791 1890 3855 hae
1957 3791 2336 3874 paragraphi
2398 3810 2510 3854 ex-

276 3897 595 3959 stiterant:
676 3913 884 3977 neque
952 3900 1165 3960 tamen
1220 3898 1406 3960 initio
1452 3898 1610 3980 ipso.
1703 3898 2083 3963 Probavisse
2131 3899 2300 3961 enim
2349 3898 2507 3960 mihi

454 4074 496 4139 ¹)
533 4070 608 4125 In
664 4070 895 4127 Vindob
960 4075 1247 4141 script-ura
1304 4072 1610 4145 archetypi
1666 4071 1916 4127 fideliter
1970 4077 2201 4127 servata
2254 4077 2343 4127 est
2392 4066 2508 4146 ἄρι-

276 4159 512 4219 στοξενου
549 4149 589 4216 ἦ
628 4159 723 4225 (cf.
764 4161 923 4215 Stob.
963 4160 1069 4215 ecl.
1107 4160 1196 4215 ed.
1226 4159 1407 4216 Gaisf.
1436 4162 1487 4227 2,
1526 4162 1673 4229 904).
1729 4160 1891 4228 Quae
1928 4180 2062 4217 cum
2098 4162 2308 4216 mutila
2339 4167 2508 4231 esset,

275 4248 420 4303 falso
457 4256 696 4323 accepta
732 4255 823 4304 est
859 4251 933 4304 ab
968 4268 1037 4305 eo
1072 4250 1323 4319 homine,
1378 4254 1478 4322 qui
1516 4256 1841 4305 ceterorum
1879 4250 2144 4305 codicum
2180 4251 2510 4322 exemplum

275 4342 593 4411 scripserat.
