3200 5050
1637 393 2074 456 ,36-

732 581 981 674 ὅσαπερ
1046 586 1157 674 ἔτη
1220 583 1674 673 κατεκοιμήθη.
1781 588 1927 650 Tria
1997 588 2102 651 hic
2175 606 2432 669 quoque
2505 605 2752 650 conexa
2823 591 2954 648 sunt

731 697 1039 780 iungendi
1094 716 1273 760 more
1326 696 1549 760 eodem
1607 701 1796 778 atque
1860 697 1928 758 in
1977 695 2135 758 Vm
2184 696 2283 756 15.
2385 693 2522 757 Etsi
2585 699 2796 757 autem
2859 713 2954 757 ex-

734 810 937 868 trema
996 804 1388 886 interpositis
1451 796 1760 887 καθάπερ
1825 802 1904 864 ad
1968 802 2322 886 Ὀρχομενῷ
2385 804 2717 882 segregata
2779 804 2871 863 est
2925 819 2955 860 a

736 911 965 975 ceteris
1012 911 1359 992 sententiis,
1409 916 1620 973 tamen
1658 911 1772 972 vix
1809 909 2174 972 dubitemus
2220 908 2412 971 etiam
2449 907 2614 970 hanc
2660 906 2740 969 ad
2776 906 2956 970 Theo-

734 1038 1033 1102 pompum
1080 1019 1348 1082 referre:
1399 1018 1678 1080 affirmat
1723 1017 2015 1081 Laertius·
2059 1035 2208 1079 cum
2253 1015 2432 1078 addit
2475 1015 2581 1077 καὶ
2625 1007 2740 1099 γὰρ
2783 1007 2960 1076 τοῦτο’

732 1141 887 1210 φησι
938 1128 1013 1189 Θ.
1107 1125 1445 1189 Simillima
1497 1143 1601 1188 res
1647 1126 1718 1186 in
1766 1123 1923 1186 VIII
1970 1125 2010 1186 8
2058 1115 2452 1205 Σωσικράτης
2507 1117 2577 1184 ἐν
2632 1121 2958 1200 Διαδοχαῖς

732 1248 923 1317 φησιν
968 1232 1029 1315 a)
1078 1223 1271 1294 αὐτὸν
1316 1251 1401 1294 sc.
1452 1230 1878 1313 Pythagoram
1923 1225 2330 1314 ἐρωτηθέντα
2377 1221 2508 1292 ὑπὸ
2545 1231 2826 1299 Λέοντος
2859 1227 2958 1290 τοῦ

737 1338 1095 1403 Φλειασίων
1146 1331 1455 1422 τυράννου
1512 1340 1608 1408 τίς
1661 1335 1775 1422 εἴη.
1883 1330 2240 1418 Φιλόσοφος
2293 1333 2536 1400 εἰπεῖν’.
2595 1337 2701 1397 καὶ
2757 1335 2820 1416 b)
2863 1327 2960 1396 τὸν

731 1449 872 1528 βίον
908 1442 1175 1508 ἐοικέναι
1213 1438 1580 1529 πανηγύρει.
1673 1445 1967 1508 Alterum
1995 1442 2126 1508 Leo
2175 1463 2304 1507 non
2351 1444 2767 1526 quaesiverat.
2849 1441 2959 1505 Sed

734 1553 840 1616 ille
900 1553 1239 1616 Ponticum
1294 1551 1702 1616 Heraclidem
1757 1557 2016 1615 secutus
2073 1557 2170 1614 est
2224 1570 2418 1634 quem
2471 1551 2692 1614 eadem
2751 1549 2960 1614 eodem

738 1661 924 1724 modo
972 1661 1314 1724 coniuncta
1360 1660 1736 1742 exposuisse
1785 1659 2010 1722 Cicero
2059 1659 2235 1722 testis
2283 1663 2378 1722 est
2422 1659 2604 1722 Tusc.
2635 1658 2695 1718 V
2728 1659 2788 1738 3,
2835 1658 2872 1720 8
2907 1662 2962 1718 et

738 1769 808 1848 9;
857 1767 936 1831 cf.
985 1766 1211 1831 Nauck
1256 1766 1488 1830 Jambl.
1536 1767 1613 1828 V.
1663 1767 1730 1830 P.
1781 1767 1818 1847 ἓ
1867 1767 1950 1828 58
1998 1765 2140 1828 adn.
2190 1765 2262 1828 Ο.
2313 1762 2480 1828 Voss
2528 1765 2606 1828 de
2652 1763 2959 1828 Heraclid.

736 1875 981 1938 Pontic.
1030 1895 1087 1956 p.
1138 1875 1221 1937 73
1245 1893 1291 1936 S.
1403 1873 1698 1957 Denique
1759 1893 1980 1956 promo
2034 1873 2066 1935 I
2117 1874 2262 1948 116,
2319 1873 2502 1936 cuius
2558 1873 2664 1934 καὶ
2719 1865 2834 1955 γὰρ
2895 1870 2962 1933 ad

737 1980 1079 2045 ἑαλωκέναι
1139 1988 1462 2044 auctorem
1506 1981 1982 2063 Theopompum
2037 1984 2212 2043 recte
2269 1985 2448 2063 putat
2491 1978 2606 2041 Ed.
2655 1977 2963 2042 Schwartz

733 2072 801 2152 in
846 2087 1050 2151 P.-W.
1097 2087 1270 2151 Real.
1318 2107 1365 2151 s,
1413 2109 1471 2150 V.
1517 2086 1840 2170 Diogenes
1885 2086 2093 2152 Laert.
2140 2106 2199 2169 p.
2254 2088 2397 2150 746.

913 2194 1234 2258 Didicisse
1308 2214 1426 2258 nos
1490 2213 1676 2277 spero
1739 2213 1871 2259 non
1936 2196 2076 2258 sine
2141 2212 2334 2257 causa
2407 2213 2604 2256 unam
2673 2191 2964 2256 orationis

732 2303 1005 2365 formam
1059 2302 1278 2366 teneri.
1371 2300 1460 2366 At
1516 2301 1814 2364 omnibus
1872 2301 2029 2364 locis
2085 2302 2198 2382 qui
2245 2299 2461 2364 collati
2521 2304 2673 2362 sunt
2716 2299 2965 2362 inferio-

736 2428 877 2471 rum
910 2409 1368 2471 sententiarum
1396 2413 1842 2490 argumentum
1873 2408 2216 2491 respondet
2242 2407 2695 2490 superioribus
2749 2406 2964 2469 Nonne

738 2515 929 2579 etiam
975 2533 1051 2578 eo
1100 2534 1377 2598 quocum
1428 2515 1776 2598 comparati
1823 2515 2014 2578 sunt?
2107 2514 2374 2579 Liberos
2421 2515 2534 2597 qui
2580 2513 2777 2597 probe
2827 2511 2966 2577 edu—

738 2622 943 2685 caturi
991 2625 1218 2703 essent,
1267 2622 1360 2685 eis
1393 2621 1798 2705 Xenophilus
1837 2622 2114 2685 suasisse
2162 2622 2397 2685 dicitur
2435 2627 2506 2684 ut
2540 2613 2967 2706 εὐνομουμένῃ

740 2733 1070 2792 uterentur
1112 2731 1193 2814 τῇ
1239 2722 1445 2791 πόλει.
1535 2727 1712 2790 Nihil
1760 2730 1968 2811 aptius
2014 2728 2174 2791 libro
2231 2730 2339 2810 qui
2396 2730 2800 2811 conscriptus
2847 2732 2970 2791 erat

736 2836 815 2900 de
861 2835 1293 2905 παιδευτικοῖς
1336 2829 1567 2914 νόμοις.
1661 2835 1783 2899 Sed
1821 2835 2059 2899 ibidem
2107 2834 2409 2899 facillime
2455 2836 2600 2899 fieri
2645 2836 2856 2917 potuit
2905 2838 2970 2896 ut

735 2944 977 3007 mentio
1024 2942 1375 3006 iniceretur
1410 2942 1958 3025 Pythagoreorum
1999 2963 2269 3025 quorum
2307 2948 2577 3024 uterque
2613 2942 2790 3026 leges
2829 2961 2968 3005 con-

737 3050 914 3131 didit,
954 3050 1113 3113 alter
1149 3042 1591 3135 εὐνομωτάτης
1629 3043 1877 3120 πόλεως
1913 3055 1988 3111 ut
2012 3050 2297 3113 Platonis
2337 3050 2545 3113 verbis
2585 3055 2728 3113 utar
2764 3050 2966 3133 legum

735 3158 1005 3239 scriptor
1047 3157 1186 3220 fuit.

858 3329 865 3335 ,
913 3263 1167 3346 Ergone
1215 3266 1409 3328 etiam
1456 3266 1492 3346 ξ
1548 3265 1672 3328 129
1706 3283 1735 3326 s
1782 3264 1825 3327 J
1827 3264 2131 3327 amblichi
2177 3264 2256 3326 ad
2305 3264 2505 3347 Leges
2551 3264 2696 3327 illas
2741 3264 2969 3327 refera-

736 3372 921 3434 mus?
1023 3370 1305 3434 Unicum
1372 3391 1591 3435 earum
1663 3372 1785 3435 hoc
1853 3371 2020 3453 apud
2087 3391 2232 3435 eum
2303 3377 2470 3435 esset
2530 3372 2967 3454 fragmentum.

738 3478 860 3542 Sed
909 3479 1369 3541 Aristoxenum
1425 3481 1601 3540 tanta
1659 3498 1786 3541 uno
1818 3478 1986 3545 ,loco
2044 3479 2656 3559 commemoravisse,
2721 3478 2967 3541 silentio

740 3585 1029 3647 obruisse
1076 3584 1143 3646 in
1182 3583 1364 3646 libris
1405 3604 1563 3665 quos
1602 3584 1680 3647 de
1719 3585 2141 3667 Pythagoreis
2178 3587 2467 3669 proprios
2505 3586 2764 3667 scripsit
2801 3582 2969 3648 credi

739 3692 998 3753 omnino
1030 3691 1272 3771 nequit.
1368 3688 1617 3771 Cogitet
1660 3692 1857 3773 igitur
1893 3693 2038 3773 quis
2077 3691 2154 3755 de
2183 3695 2314 3776 Βίῳ
2336 3688 2771 3776 >Πυθαγορικιξ
2809 3710 2970 3755 com-

737 3801 946 3859 motus
994 3796 1334 3859 verborum
1380 3796 1601 3859 formis
1649 3798 1826 3860 velut
1879 3792 2236 3879 ἐφίλαττον
2293 3792 2618 3884 διῴκησαν.
2711 3797 2812 3862 Ne
2858 3799 2970 3860 hoc

738 3894 995 3984 quidem
1043 3922 1285 3968 verum.
1382 3902 1511 3966 Cur
1568 3904 1742 3966 enim
1788 3906 2114 3986 Archytae
2159 3905 2486 3969 Tarentini
2541 3906 2816 3987 scriptor
2871 3903 2970 3967 ob-

736 4010 889 4072 litus
955 4014 1051 4072 est
1113 4010 1312 4073 multo
1380 4014 1548 4073 certe
1616 4010 1982 4074 celebrioris
2055 4012 2288 4095 Phytio
2363 4018 2473 4075 aut
2542 4011 2969 4077 Aristocrate?

737 4116 1119 4180 Praesertim
1169 4136 1316 4178 cum
1365 4116 1656 4199 exemplo
1706 4118 1841 4180 eius
1887 4119 1957 4180 in
1994 4118 2157 4181 libro
2195 4119 2306 4182 illo
2355 4138 2542 4182 usum
2579 4118 2779 4181 fuisse
2830 4138 2971 4182 con-

739 4228 863 4287 stet
909 4224 945 4305 ἓ
997 4223 1140 4285 197.
1232 4223 1321 4285 At
1367 4222 1848 4303 compilatorum
1896 4230 2005 4287 aut
2051 4226 2300 4288 incuria
2345 4232 2456 4289 aut
2497 4226 2756 4315 pigritia
2805 4225 2971 4289 dicas

740 4332 879 4392 eius
924 4330 1296 4393 memoriam
1342 4330 1654 4393 interisse.
1749 4330 2018 4394 Obstant
2083 4332 2274 4395 verba
2318 4328 2397 4395 ἐν
2451 4326 2688 4417 τούτῳ
2753 4330 2836 4394 δὲ
2881 4333 2972 4414 ‘tq‘
