3200 5050
1214 357 1653 418 -53-

312 550 433 631 μὲν
496 546 801 615 ἐλάττονα
867 535 954 614 ὧν
1022 545 1259 636 ἡγεῖται
1315 549 1436 632 μὲν
1499 551 1703 631 ὑγίεια
1749 549 1873 613 κτὲ.
1966 544 1999 611 ὃ
2047 543 2123 634 δὴ
2168 552 2426 634 πρῶτον
2472 535 2551 611 αὗ

313 661 442 720 τῶν
486 661 686 722 θείων
749 652 1093 743 ἡγεμονοῦν
1139 654 1308 722 ἐστιν
1355 651 1631 736 ἀγαθῶν,
1688 649 1727 742 ἡ
1773 650 2073 741 φρόνησις
2110 707 2121 718 .
2158 706 2169 719 .
2207 705 2219 718 .
2270 648 2436 736 μετὰ
2484 654 2555 718 δὲ

312 768 518 828 ταῦτα
564 758 676 836 τὰς
723 761 914 837 ἄλλοις
942 760 1318 850 προστάξεις
1345 772 1476 836 τοῖς
1503 765 1797 835 πολίταις
1835 761 1925 834 εἰς
1962 763 2165 826 ταῦτα
2192 756 2556 845 βλεπούσας

315 871 530 942 αὐτοῖς
574 863 737 934 εἶναι
782 871 1274 953 διακελευστέον,
1347 865 1589 933 τούτων
1636 869 1705 934 δὲ
1749 863 1833 945 τὰ
1872 868 1994 949 μὲν
2040 862 2419 954 ἀνθρώπινα
2464 865 2554 939 εἰς

313 971 395 1040 τὰ
440 981 613 1057 θεῖα,
659 971 739 1040 τὰ
784 977 855 1042 δὲ
902 985 1056 1042 θεῖα
1104 975 1193 1050 εἰς
1237 971 1349 1040 τὸν
1393 971 1671 1062 ἡγεμόνα
1718 980 1867 1039 νοῦν
1894 970 2235 1056 ξύμπαντα
2272 975 2551 1058 βλέπειν,

317 1088 474 1168 περί
511 1105 583 1147 τε
646 1077 883 1166 γάμους
948 1077 1238 1170 ἀλλήλοις
1299 1080 1853 1164 ἐπικοινουμένους
1909 1078 2079 1164 μετά
2119 1103 2191 1146 τε
2236 1084 2441 1146 ταῦτα
2484 1081 2557 1144 ἐν

312 1198 452 1262 ταῖς
513 1195 640 1253 τῶν
701 1192 954 1254 παίδων
1016 1185 1336 1278 γεννήσεσι
1395 1192 1501 1254 καὶ
1564 1199 1831 1274 τροφαῖς
1886 1194 2043 1252 νέων
2087 1210 2159 1253 τε
2207 1185 2403 1252 ὄντων
2446 1190 2554 1252 καὶ

313 1293 427 1360 ἐπὶ
472 1290 547 1359 τὸ
592 1293 1026 1383 πρεσβύτερον
1051 1292 1275 1360 ἰόντων
1316 1347 1329 1359 .
1370 1350 1383 1363 .
1419 1348 1431 1359 .
1470 1293 1539 1360 ἐν
1566 1291 1804 1368 πάσαις
1831 1305 1969 1368 ταῖς
2000 1291 2242 1358 τουτων
2280 1289 2553 1376 ὁμιλίαις

312 1397 425 1475 τάς
492 1424 562 1466 τε
626 1397 835 1475 λύπας
898 1403 1107 1467 αὐτῶν
1173 1406 1280 1467 καὶ
1343 1396 1456 1475 τὰς
1510 1396 1738 1488 ἡδονὰς
1792 1400 2321 1483 ἐπεσκεμμένον.
2360 1452 2373 1465 .
2420 1451 2433 1464 .
2484 1398 2556 1464 ἐν

313 1513 478 1574 πᾶσι
549 1519 681 1582 τοῖς
750 1505 1057 1582 τοιούτοις
1118 1514 1230 1596 τῆς
1296 1504 1573 1574 ἑκάστων
1637 1510 1985 1581 διαθέσεως
2049 1510 2372 1573 διδακτέον
2447 1509 2552 1571 καὶ

315 1608 596 1699 ὁριστέον
639 1611 719 1679 τό
759 1637 830 1679 τε
875 1610 1070 1680 καλὸν
1114 1618 1219 1680 καὶ
1264 1611 1360 1700 μή
1401 1615 1525 1679 κτέ.
1618 1617 1888 1696 Maiora¹
1925 1616 2078 1680 licet
2122 1617 2320 1680 multo
2370 1621 2555 1679 canat

315 1723 521 1787 Plato:
585 1725 640 1786 si
687 1724 844 1788 libet
888 1725 994 1788 hic
1039 1724 1178 1787 illic
1225 1725 1600 1787 Aristoxeni
1646 1709 2002 1802 fragmenta
2046 1723 2326 1786 subicias
2374 1723 2551 1786 sche-

315 1831 483 1893 dulis
528 1831 605 1893 ab
654 1830 774 1896 illo.
814 1831 1066 1909 affixis3
1117 1831 1302 1893 aliter
1345 1830 1455 1893 ille
1504 1830 1960 1912 composuerit:
2021 1829 2364 1893 consilium
2413 1830 2555 1890 uni-

315 1955 571 2000 versum
605 1937 808 2001 ‘idem
872 1943 1254 2020 agnoscatur
1318 1937 1595 2000 alterius
1689 1936 1874 2013 Quod
1938 1938 1991 1999 si
2057 1936 2342 1999 nondum
2389 1936 2553 1998 divi-

313 2050 534 2106 natum
581 2049 693 2125 est,
750 2064 882 2127 age,
939 2053 1270 2108 succurrat
1306 2044 1622 2107 Zaleucus
1658 2043 1769 2106 ille
1822 2049 2197 2126 personatus
2254 2043 2553 2123 dicatque

316 2151 580 2214 minime
627 2169 766 2214 sese
816 2152 1410 2214 consarcinaturum
1452 2150 1656 2213 fuisse
1694 2143 1935 2229 Νόμων
1970 2153 2312 2234 προοίμιον
2344 2168 2379 2212 e
2408 2168 2554 2212 sen-

315 2257 534 2319 tentiis
594 2249 1008 2338 Ἄποφάσεων,
1067 2258 1196 2320 nisi
1266 2276 1482 2321 earum
1550 2263 1774 2320 auctor
1834 2256 2190 2319 doctrinam
2247 2256 2549 2319 moralem

313 2363 563 2445 legibus
610 2363 1002 2444 quibuslibet
1046 2363 1401 2426 scribendis
1447 2364 1602 2445 ipsis
1642 2363 1950 2426 voluisset
1983 2381 2097 2444 pro
2137 2363 2553 2425 fundamento

314 2469 701 2535 substruere.
789 2463 872 2537 ‘H
915 2468 1035 2551 μὲν
1098 2456 1210 2533 οὖν
1265 2469 1546 2550 μέθοδος
1587 2461 1836 2533 τούτων
1880 2464 2147 2551 ἐφίεται,
2194 2462 2552 2553 πολιτική

312 2598 406 2648 τις
441 2564 599 2640 οὖσα
627 2578 1005 2641 Aristoteles
1034 2577 1276 2641 solebat
1307 2578 1538 2659 dicere,
1577 2597 1723 2641 cum
1754 2577 2214 2660 philosophiam
2246 2577 2549 2639 moralem

315 2684 647 2767 discipulis
693 2685 1006 2747 tradebat:
1058 2686 1227 2766 quod
1276 2683 1630 2767 discipulus
1675 2704 1807 2747 non
1845 2690 1941 2748 est
1978 2684 2228 2747 oblitus
2321 2682 2550 2759 Quam-

315 2810 504 2872 quam
552 2791 851 2855 incedere
899 2788 1184 2873 vestigiis
1230 2791 1675 2873 praeceptoriS‚
1742 2791 1910 2853 sicut
1945 2790 2289 2867 Eudemus,
2344 2790 2555 2869 noluit

314 2896 426 2961 sed
471 2904 956 2961 monumentum
1023 2916 1246 2961 eorum
1292 2898 1554 2979 exigere
1599 2898 1878 2960 virorum
1932 2897 2163 2978 quibus
2210 2902 2273 2959 et
2318 2916 2554 2979 genere

315 3010 380 3067 et
422 3005 665 3087 primae
702 3006 1056 3069 iuventutis
1104 3004 1331 3068 studiis
1376 3006 1773 3086 propinquus
1820 3004 2043 3067 fuerat.

492 3110 924 3173 Nihilosecius
971 3108 1370 3193 disciplinam
1410 3110 1809 3173 dissimulare
1848 3111 2071 3173 noluit.
2164 3101 2553 3189 Ἐπιθνμίας

314 3207 758 3301 ἣμαρτημένης
838 3220 984 3301 τρία
1064 3208 1228 3279 εἶναι
1309 3214 1446 3300 εἴδη
1549 3218 1803 3279 censuit
1892 3216 2061 3280 Stob.
2138 3215 2227 3279 ΕΙ.
2303 3216 2401 3296 10,
2466 3217 2546 3278 66

318 3324 350 3385 1
404 3315 843 3407 ἀσχημοσύνην
889 3324 926 3385 2
959 3316 1398 3406 ἀσυμμετρίαν
1437 3323 1474 3384 3
1518 3314 1834 3406 ἇκαιρίαν;
1883 3323 2098 3403 itaque
2136 3328 2245 3385 aut
2286 3324 2318 3384 1
2362 3315 2553 3405 ἀσχή-

311 3450 478 3509 μονα
543 3435 606 3493 et
673 3422 977 3514 φορτικὴν
1033 3432 1168 3493 sive
1218 3420 1648 3513 ἀνελεύθερον
1696 3430 2038 3511 (coniungo
2088 3428 2213 3492 duo
2262 3429 2422 3492 haec
2469 3429 2549 3492 ob

313 3555 544 3599 vocum
588 3536 749 3615 vim3
801 3536 878 3599 cf.
927 3537 1091 3599 Plut.
1141 3536 1295 3599 Mor.
1343 3557 1400 3618 p.
1455 3538 1580 3598 124
1622 3536 1707 3613 R·
1758 3536 1883 3598 660
1931 3534 2014 3618 B)
2064 3540 2174 3597 aut
2219 3536 2257 3597 2
2287 3535 2550 3619 σφοδρο-

311 3645 502 3726 τέραν
549 3648 611 3704 et
673 3646 1088 3726 χρονιωτέραν
1153 3661 1292 3705 eam
1341 3625 1479 3705 esse
1527 3648 1638 3705 aut
1684 3644 1721 3704 3
1772 3634 1878 3703 ὅτε
1927 3642 2005 3703 οὐ
2050 3642 2152 3705 δεῖ
2195 3647 2257 3704 et
2300 3634 2463 3725 πρὸς
2511 3636 2550 3703 ἃ

312 3740 388 3809 οὗ
435 3747 545 3813 δεῖ.
640 3748 806 3823 Quid
851 3748 1270 3812 Aristoteles?
1370 3752 1534 3834 Τρία
1582 3746 1719 3833 εἴδη
1760 3748 2085 3810 simillima
2125 3749 2191 3809 in
2229 3749 2550 3811 contrario

313 3855 578 3917 simulac
623 3857 979 3937 reppereris
1029 3856 1169 3918 Etb.
1217 3855 1357 3919 Nic.
1405 3876 1466 3938 p.
1522 3857 1689 3917 1119
1739 3856 1777 3917 b
1834 3857 1912 3918 16
1970 3850 2291 3933 ἐπιθυμεῖ
2341 3847 2375 3915 ὃ
2433 3848 2547 3915 ‹503-

312 3982 490 4044 φρων
541 3964 570 4022 1
617 3942 702 4021 ὧν
748 3961 849 4023 δεῖ
889 3964 994 4024 καὶ
1042 3963 1078 4023 2
1122 3954 1202 4033 ὡς
1248 3962 1349 4025 δεῖ
1387 3962 1492 4024 καὶ
1531 3964 1568 4023 3
1611 3953 1735 4043 ὅτε,
1784 3982 2167 4043 quamquam
2215 3960 2551 4043 intellegas

312 4068 483 4131 unde
530 4068 858 4150 proficisci
907 4068 1066 4131 alter
1112 4070 1402 4150 potuerit,
1451 4074 1662 4131 tamen
1700 4069 1991 4151 ampliori
2032 4088 2221 4149 quam
2259 4069 2549 4131 institue-

315 4175 423 4237 bat
467 4176 791 4257 partitioni
839 4176 1038 4256 ipsam
1087 4176 1419 4237 materiam
1469 4176 1902 4257 suppeditarat
1948 4180 2319 4257 praeceptor
2364 4181 2551 4238 antea

313 4301 369 4365 p.
421 4283 590 4345 1118
644 4282 678 4343 b
743 4283 854 4365 23..
957 4282 1133 4357 Quae
1192 4288 1408 4364 utpote
1475 4301 1695 4364 sparsa
1758 4283 2085 4345 incondite
2162 4282 2271 4345 ubi
2340 4283 2551 4365 dispo-
