3200 5050
1223 342 1664 428 -11'-

324 555 702 622 Aristoxeni
750 541 1014 622 cursum‘
1047 565 1424 641 sequeretur
1459 560 1699 642 aliquid
1750 561 2191 643 transsfluerit,
2238 559 2561 625 interdum

325 683 492 745 quae
557 665 930 748 neglexerat
993 665 1072 728 ad
1139 666 1335 730 alium
1383 667 1642 730 titulum
1690 667 2101 732 transtulerit.
2196 667 2365 751 Ergo
2410 668 2559 731 libri

322 770 658 853 pristinam
704 772 972 836 formam
1019 773 1407 836 restituturis
1451 775 1543 837 ita
1587 774 1775 838 nobis
1812 774 2121 838 utendum
2160 779 2257 837 est
2293 779 2559 856 utroque

323 881 504 958 teste,
553 884 624 942 ut
669 877 868 942 altera
911 898 993 944 ex
1032 885 1206 962 parte
1243 880 1286 944 J
1287 880 1591 944 amblichi
1640 882 2101 945 sententiarum
2138 880 2359 945 ordine
2406 887 2561 944 tam-

323 1002 520 1065 quam
575 983 978 1048 fundamenti
1005 1020 1014 1026 ·
1043 985 1186 1050 loco
1233 987 1400 1051 iacto
1446 987 1489 1050 J
1491 1006 1772 1052 oanneas
1818 988 1952 1051 suis
1998 988 2157 1052 locis
2202 987 2561 1068 reddamuS,

321 1090 527 1154 altera
572 1110 656 1154 ex
718 1097 895 1174 parte
959 1092 1133 1156 illius
1204 1094 1413 1176 capita
1458 1114 1584 1176 qua
1649 1094 1891 1158 ratione
1941 1094 2389 1177 coniungenda
2434 1095 2564 1156 sint

321 1197 405 1260 ab
454 1197 576 1261 hoc
623 1197 872 1262 discere
919 1218 1241 1264 conemur.
1332 1200 1476 1263 Hoc
1521 1221 1639 1284 ego
1680 1201 2019 1265 confestim
2044 1201 2374 1265 luculento
2413 1222 2563 1265 con-

323 1304 598 1369 firmabo
643 1306 940 1388 exemplo
985 1306 1202 1370 altero.

507 1413 694 1476 Viam
757 1414 928 1478 enim
992 1434 1183 1496 quam
1241 1416 1382 1478 sine
1429 1415 1791 1479 molestiore
1838 1416 2241 1481 incommodo
2287 1415 2565 1498 ingressi

323 1539 553 1584 sumus
618 1541 698 1584 ne
764 1521 1186 1586 conficiamus
1236 1543 1503 1606 magnus
1558 1522 1831 1606 impedit
1875 1523 2101 1587 hiatus,
2192 1522 2558 1586 Protraham

325 1628 527 1710 igitur
594 1647 678 1692 ex
740 1629 783 1692 J
786 1630 1012 1692 oannis
1076 1631 1370 1712 proxima
1427 1629 1589 1692 silva
1648 1629 1835 1709 (Flor.
1881 1631 1984 1712 43,
2042 1631 2156 1707 493
2224 1630 2303 1694 cf.
2350 1629 2563 1713 supra)

327 1754 470 1799 eam
517 1735 825 1817 arborem,
882 1756 1011 1817 qua
1055 1741 1378 1818 tamquam
1423 1737 1751 1819 ponticulo
1804 1741 2071 1817 utamur,
2119 1735 2273 1800 dico·
2310 1739 2565 1800 senten·

327 1845 483 1906 tiam
529 1842 664 1906 δεῖν
709 1841 778 1906 δὲ
825 1838 1103 1924 ἔφασκον
1149 1836 1311 1906 εὐθὶ
1319 1865 1350 1914 ς
1393 1839 1469 1906 ἐκ
1508 1843 1760 1906 παίδων
1804 1844 1911 1906 καὶ
1940 1835 2056 1905 triv
2077 1834 2566 1928 τροφὴντεταγ-

325 1953 532 2030 μένεος
594 1951 1097 2034 προσφέρεσθαι,
1159 1945 1555 2022 διδάσκοντες
1620 1941 1699 2021 ὡς
1764 1941 1803 2032 ἡ
1863 1947 1986 2030 μὲν·
2047 1944 2223 2024 τάξις·
2261 1951 2369 2012 καὶ
2413 1966 2564 2029 συμ-

325 2059 558 2141 μετρία
603 2049 766 2119 καλὰ
810 2057 915 2118 καὶ
961 2050 1276 2141 σύμφορα,
1325 2049 1364 2140 ἡ
1406 2055 1475 2120 δὲ
1521 2049 1747 2131 ἀταξία
1774 2058 1881 2119 καὶ
1910 2048 2309 2140 ἀσυμμετρία
2341 2048 2571 2139 αἰσχρά

328 2183 401 2228 τε
447 2165 554 2228 καὶ
603 2155 962 2248 ἀσύμφορα,
1013 2183 1174 2246 quae
1219 2165 1541 2247 reperitur
1587 2165 1659 2226 in
1702 2163 1745 2227 J
1748 2162 2051 2228 amblichi
2099 2163 2323 2244 ἓ203ολ
2384 2162 2567 2226 Hanc

333 2289 481 2335 cum
550 2271 720 2355 apud
785 2276 1128 2353 utrumque
1192 2291 1324 2335 non
1388 2291 1594 2353 pauca
1666 2269 2057 2354 praecedant
2110 2270 2345 2352 quibus
2409 2268 2569 2333 alter

331 2383 523 2460 caret„
588 2378 654 2441 id
701 2379 992 2460 sequitur
1051 2382 1123 2441 ut
1169 2398 1332 2460 quae
1379 2377 1548 2460 apud
1595 2377 1917 2441 Joannem
1964 2377 2293 2441 abundant
2340 2396 2413 2440 ea
2438 2381 2570 2444 ,aut

333 2485 616 2551 uberiori
682 2484 1098 2570 disputationi
1135 2485 1176 2549 J
1181 2484 1480 2550 amblichi
1546 2484 2085 2569 paragraphorum
2134 2485 2263 2550 200
2311 2484 2391 2548 ad
2438 2484 2564 2547 203

330 2586 704 2677 φαυλότητα
748 2594 1162 2675 iniungamus
1209 2598 1319 2657 aut
1355 2612 1484 2657 non
1531 2593 1621 2655 ita
1668 2592 1864 2656 multo
1921 2597 2067 2655 ante
2107 2611 2246 2665 eam
2294 2591 2359 2653 in
2406 2591 2567 2654 libro

329 2701 712 2765 Aristoxeni
791 2701 1115 2764 exstitisse
1180 2705 1546 2763 statuamus.
1666 2700 1962 2785 Inferiori
2040 2704 2253 2762 autem
2329 2699 2567 2762 iudicio

331 2826 562 2871 manus
628 2807 938 2889 dabimuS,
1005 2826 1150 2871 cum
1217 2808 1394 2871 nulla
1455 2807 1694 2871 fissura
1740 2807 2087 2871 sententias
2133 2807 2176 2870 J
2180 2805 2569 2873 amblicheas

329 2916 374 2979 l.
401 2914 438 2977 l.
476 2916 993 2998 perspexerimus
1041 2914 1337 2979 discerni.
1401 2915 1783 2997 Progressus
1830 2933 2049 2977 earum
2096 2914 2207 2980 hic,
2250 2918 2371 3001 est:
2418 2932 2585 2988 eum

335 3023 448 3104 qui
515 3022 813 3085 omnibus
878 3021 1222 3085 cuiuslibet
1284 3022 1539 3104 generis
1606 3022 1961 3104 praeceptis
2023 3039 2207 3084 aures
2272 3019 2573 3102 praebeat

333 3149 468 3193 non
513 3130 760 3193 minore
807 3148 945 3194 esse
993 3128 1262 3192 stultitia
1310 3148 1500 3211 quam
1547 3129 1741 3191 istum
1781 3130 1897 3210 qui
1940 3129 2199 3193 omnino
2246 3127 2424 3195 nulla
2466 3146 2570 3216 ac-

335 3236 559 3319 cipiat3
631 3255 905 3299 unorum
970 3237 1168 3317 igitur
1221 3235 1530 3299 bonorum
1581 3226 1952 3319 ὖπολὴψεσι
1998 3235 2103 3297 καὶ
2158 3229 2365 3309 δόξαις
2412 3252 2569 3315 opus

335 3360 474 3407 esse
520 3347 594 3405 ut
637 3343 922 3406 iuniores
967 3360 1107 3405 sese
1147 3341 1407 3421 dedant3
1456 3342 1522 3403 in
1557 3343 1929 3405 universum
1964 3340 2570 3430 enimstatuendum

335 3468 475 3513 esse
542 3449 811 3513 multum
859 3449 1090 3520 valere,
1152 3469 1296 3513 cum
1362 3450 1529 3512 bona
1574 3450 1821 3513 ratione
1866 3449 2238 3512 imbuantur
2281 3448 2571 3517 homines

334 3556 414 3619 ab
480 3558 618 3638 ipso
683 3556 988 3621 nascendi
1055 3556 1262 3627 initio,
1342 3558 1643 3638 quoniam
1708 3574 1982 3638 puerum
2046 3559 2345 3637 appareat
2411 3553 2571 3618 bene

334 3664 698 3726 institutum
746 3663 981 3726 bonum
1028 3663 1164 3727 fore
1211 3662 1705 3741 adulescentem,
1754 3664 2055 3727 iuvenem
2082 3661 2297 3748 ⁸probe
2344 3661 2573 3729 educa—

337 3774 474 3833 tum
540 3772 752 3834 virum
823 3771 1025 3853 frugi3
1095 3769 1552 3833 difficillimum
1630 3789 1768 3833 esse
1831 3788 2051 3852 regere
2116 3766 2573 3843 adulescentes

339 3897 611 3959 quorum
659 3878 726 3939 in
774 3856 1044 3942 aetatem
1093 3877 1423 3940 confluant
1469 3883 1533 3940 et
1575 3896 1919 3959 puerorum
1972 3877 2128 3939 vitia
2156 3881 2221 3939 et
2258 3876 2569 3953 virorum3

338 3978 567 4069 διόπερ
611 3987 836 4047 πασῶν
882 3985 1137 4047 δεῖσθαι
1165 3984 1292 4047 τῶν
1327 3976 1578 4047 &huam
1608 3977 1849 4067 ταύτην
1876 3981 2187 4068 πλείστης·
2204 3978 2575 4062 ἐπιμελείας

340 4095 376 4170 ἓ
425 4092 552 4155 202
603 4097 792 4171 extr.;
859 4091 936 4154 ad
1004 4111 1323 4155 summum
1387 4091 1550 4154 nulli
1621 4109 1757 4154 esse
1824 4089 2319 4173 permittendum
2366 4089 2573 4169 aetati,

341 4203 411 4261 ut
440 4198 610 4281 quod
649 4199 774 4281 ipsi
805 4198 1002 4262 libeat
1029 4199 1095 4261 id
1115 4204 1287 4281 agat3
1318 4200 1527 4281 ipsum
1549 4198 1749 4277 igitur
1765 4198 2074 4262 infantem
2096 4197 2574 4261 consuefacien-

339 4304 495 4369 dum
540 4311 615 4368 ut
657 4306 930 4389 pulchra
974 4306 1244 4387 adamet,
1289 4306 1496 4388 fugiat
1541 4306 1752 4388 turpia
1947 4306 2036 4393 At
2068 4303 2571 4393 consistendum,
