3200 5050
1273 374 1709 436 ..37-

350 563 611 655 χρόνῳ
665 570 953 633 δοκοῦσιν
1010 569 1077 632 αἱ
1130 563 1457 632 κάλλισται
1500 572 1628 630 τῶν
1672 567 2012 631 πολιτειῶν
2065 564 2136 630 έν
2179 565 2408 649 Ἰταλίᾳ
2452 571 2614 645 γενέ-

354 679 536 740 σθαι
578 679 683 739 καὶ
729 672 798 739 ἒν
842 676 1111 760 Σικελίᾳ.
1206 675 1700 740 Commemorari
1746 676 1944 757 igitur
1988 675 2307 756 Archytas
2355 675 2613 736 omnino

354 804 507 848 non
571 785 779 866 potuit
841 784 1032 846 simul
1098 803 1244 847 cum
1311 782 1583 847 Zaleuco
1650 788 1714 846 et
1776 782 2128 863 Charonda‚
2196 785 2350 844 natu
2415 780 2614 843 multo

358 891 740 955 maioribus
834 891 1019 954 Certa
1056 892 1228 954 enim
1266 890 1671 974 significatur
1706 895 1893 954 aetas,
1971 888 2140 972 Ergo
2179 889 2335 970 quid
2375 888 2614 951 multa?

360 998 607 1062 Nullus
653 1002 851 1062 restat
894 997 1059 1060 liber
1102 998 1228 1060 nisi
1275 999 1329 1060 is
1376 997 1488 1079 qui
1532 997 1660 1059 fuit
1704 998 1857 1081 περὶ
1901 989 2295 1079 Πυθαγόρου
2342 996 2448 1057 καὶ
2491 995 2618 1057 τῶν

360 1109 700 1189 γνωρίμων
738 1104 954 1168 αὐτοί.
1046 1105 1089 1168 J
1091 1125 1190 1168 am
1230 1109 1522 1187 repertus
1559 1109 1658 1168 est
1702 1109 1913 1167 certus
1943 1103 2051 1168 1116
2089 1097 2320 1188 χρόνος.
2418 1103 2617 1186 Legas

362 1213 552 1277 enim
597 1212 788 1278 velim
835 1211 991 1294 quid
1037 1231 1071 1274 e
1121 1213 1444 1275 communi
1492 1212 1946 1294 descripserint
1999 1211 2174 1274 fonte
2220 1210 2617 1293 Porphyrius

365 1323 409 1401 ξ
467 1321 545 1381 21
598 1324 661 1382 et
704 1319 1106 1382 Jamblichus
1155 1321 1191 1400 ξ
1240 1320 1322 1381 32
1380 1312 1635 1393 ταύτας,
1692 1337 1776 1381 60.
1835 1310 1948 1388 τὰς
1993 1316 2337 1399 πολιτείας,
2393 1310 2616 1402 φρονή-

360 1447 577 1508 ματος
637 1424 1012 1509 ἐλευθερίου
1078 1417 1462 1510 ὓποπλὴσας
1525 1445 1612 1488 60.
1659 1419 2054 1507 Pythagoras
2117 1416 2238 1487 διὰ
2299 1424 2444 1485 τῶν
2503 1417 2618 1504 ἐφ’

364 1526 1109 1618 ἑκάστηςάκουστῶν
1142 1525 1371 1594 αὖτοῖ
1410 1524 1796 1617 ἇνερρίσατο
1824 1533 1929 1594 καὶ
1959 1524 2308 1616 ἐλευθέρας
2337 1529 2616 1615 ἐποίησε,

362 1634 678 1725 Κρότωνα
724 1642 829 1702 καὶ
876 1633 1152 1723 Σύβαριν
1189 1641 1293 1702 καὶ
1329 1633 1629 1723 Κατάνην
1674 1640 1779 1702 καὶ
1816 1632 2052 1724 Ῥήγιον
2094 1640 2202 1701 καὶ
2238 1640 2484 1723 Ἱμέραν
2513 1640 2618 1700 καὶ

358 1740 738 1832 Ἀκράγαντα
797 1749 903 1810 καὶ
956 1750 1395 1830 Ταυρομένιον
1436 1748 1543 1809 καὶ
1598 1741 1794 1817 ἄλλας
1838 1740 2024 1825 τινάς,
2093 1733 2192 1816 αἷς
2237 1747 2343 1808 καὶ
2389 1739 2620 1825 νίμους

362 1852 572 1920 ἔθετο
637 1847 741 1917 διὰ
813 1847 1128 1938 Χαρώνδα
1196 1873 1267 1916 τε
1332 1856 1447 1915 τοῦ
1510 1857 1878 1916 Καταναίον
1943 1855 2051 1916 καὶ
2115 1846 2435 1917 Ζαλεύκου
2501 1854 2618 1915 τοῦ

360 1962 647 2046 Λοκροῦ.
745 1961 869 2038 Qui
917 1962 1076 2025 haec
1124 1962 1396 2044 scripsit,
1442 1961 1500 2024 is
1546 1961 1918 2024 memoriam
1967 1961 2002 2043 ἓ
2048 1961 2170 2023 129
2220 1979 2348 2041 seq.
2386 1960 2616 2023 Jambl.

358 2068 705 2133 nonnullis
758 2069 1016 2131 urbium
1073 2068 1442 2131 nominibus
1500 2068 1695 2150 auxit,
1753 2069 1944 2131 trium
1993 2087 2210 2131 earum
2260 2086 2423 2148 quae
2483 2066 2619 2129 11110

358 2180 796 2240 numerantur
866 2175 1148 2239 retinuit.
1270 2174 1549 2251 Quarum
1627 2180 1861 2238 statum
1939 2175 2173 2239 diserte
2250 2175 2621 2256 pronuntiat

362 2283 739 2347 ordinatum
787 2301 927 2346 esse
974 2302 1013 2344 a
1058 2281 1389 2365 discipulis
1433 2281 1836 2365 Pythagorae
1883 2282 2103 2365 ipsius,

554 2387 733 2452 Nihil
763 2394 985 2452 contra
1004 2389 1173 2453 valet
1200 2389 1371 2470 quod
1400 2389 1764 2471 mendum§
1795 2390 1919 2452 130
1953 2390 2262 2472 concepit.
2313 2388 2453 2465 Quo
2479 2388 2619 2451 loco

360 2519 505 2562 non
545 2517 623 2562 ea
658 2516 727 2561 re
767 2496 1059 2561 offendor
1086 2496 1257 2579 quod
1296 2496 1695 2581 superiorum
1736 2498 2210 2561 enuntiatorum
2243 2501 2620 2578 structurae,

805 2631 1107 2711 Χαρώνδας
1139 2654 1198 2689 τε
1234 2633 1343 2709 γὰρ
1382 2678 1393 2689 .
1422 2678 1433 2689 .
1458 2679 1469 2690 .
1502 2634 1884 2709 Πυθαγόρειος
1923 2621 2000 2705 ἦν,
2181 2711 2204 2721 η

804 2720 1067 2786 Ζάλευκός
1102 2744 1159 2779 τε
1195 2728 1287 2779 καὶ
1335 2721 1579 2799 Τιμάρης
1617 2766 1628 2779 .
1663 2768 1674 2778 .
1709 2769 1719 2780 .
1762 2724 2135 2799 Πυθαγόρειοι
2171 2722 2324 2798 ἦσαν,

815 2816 885 2869 02¹
916 2834 974 2869 τε
1010 2810 1103 2875 τὰς
1129 2808 1427 2885 Ῥηγινικᾶς
1461 2818 1742 2876 πολιτείας·
1760 2812 2109 2887 συστήσαντες
2147 2857 2158 2868 .
2191 2856 2202 2869 .
2236 2856 2246 2868 .

807 2900 1182 2978 Πυθαγόρειοι
1220 2905 1464 2975 λέγονται
1500 2902 1659 2974 εἶναι,

369 3054 572 3116 quam
622 3035 770 3097 cum
816 3054 945 3096 non
994 3035 1429 3116 perspexisset
1474 3034 1703 3099 Nauck
1759 3034 2130 3117 depravavit
2185 3032 2624 3116 imprudenter

368 3140 664 3204 inductis
740 3140 953 3204 verbis
1029 3135 1475 3225 Πυθαγόρειος
1550 3128 1646 3227 ἧν,
1716 3161 1845 3203 11011
1925 3141 2400 3205 accommodata
2473 3145 2624 3203 sunt

374 3242 614 3318 Φύτιος
661 3267 791 3329 eqS.
882 3250 971 3311 At
1026 3248 1200 3311 aliud
1247 3250 1397 3313 ferri
1457 3270 1584 3314 non
1635 3254 1854 3333 potest.
1946 3249 2022 3311 In
2072 3249 2350 3313 editione
2398 3248 2619 3311 eadem

370 3357 503 3418 hoc
550 3361 647 3419 est
694 3356 935 3419 ordinis
994 3357 1185 3419 huius
1241 3358 1644 3419 enuntiatum
1694 3361 2054 3442 extremum
2103 3348 2334 3426 Φότιός
2387 3374 2459 3417 τε
2515 3356 2621 3417 καὶ

377 3461 664 3532 Θεοκλῇς
717 3463 823 3524 καὶ
877 3455 1174 3526 Ἑλικάων
1226 3465 1333 3526 καὶ
1386 3457 1844 3549 Ἀριστοκράτης
1907 3456 2230 3547 διήνεγκαν
2293 3457 2620 3548 ἐπιτηδεύ-

369 3573 543 3651 μασί
582 3588 651 3631 τε
698 3570 804 3631 καὶ
852 3565 1069 3632 ἔθεσιν
1114 3557 1208 3641 οἷς
1243 3572 1349 3633 καὶ
1397 3569 1481 3634 αἱ
1517 3567 1585 3633 ἐν
1623 3567 1880 3641 ἐκείνοις
1922 3578 2056 3641 τοῖς
2089 3565 2312 3641 τόποις
2357 3564 2622 3641 πόλεις

444 3726 458 3741 .
504 3670 867 3761 ἐχρήσαντο.
960 3676 1131 3739 Num
1190 3678 1517 3761 complura
1577 3678 1811 3761 oppida
1855 3678 2140 3741 moribus
2187 3677 2403 3759 Phytii
2455 3678 2622 3740 61116-

374 3802 505 3865 que
552 3783 874 3846 sociorum
922 3784 1306 3847 utebantur?
1399 3784 1630 3848 Nonne
1687 3804 1795 3849 eos
1842 3786 2081 3848 scimus
2142 3784 2342 3848 fuisse
2387 3784 2622 3867 Rhegi-

372 3892 539 3953 nos?
636 3890 728 3952 Cf.
776 3890 834 3953 J.
878 3892 1001 3953 172
1052 3896 1117 3955 61
1154 3892 1277 3954 267
1329 3912 1386 3974 p.
1432 3892 1574 3973 192,
1626 3897 1664 3955 8
1711 3890 1786 3954 N.
1880 3891 2076 3954 Porro
2125 3892 2242 3955 etsi
2291 3910 2373 3953 ex
2421 3911 2622 3954 enun-

374 3999 531 4063 tiato
590 3998 732 4079 ipso
790 3998 959 4061 unde
1016 3999 1139 4061 orti
1196 4000 1325 4061 sint
1380 3998 1476 4060 illi
1540 4000 1665 4060 viri
1727 4019 1858 4061 non
1919 4000 2346 4081 cognoscitur,
2409 4004 2620 4061 tamen

372 4111 601 4188 postea
649 4103 886 4167 dicitur
930 4100 998 4166 έν
1044 4097 1375 4175 ἐκείνοις
1418 4112 1549 4176 τοῖς
1593 4098 1833 4177 τόποις.
1927 4106 2002 4167 In
2043 4106 2276 4187 quibus
2323 4105 2619 4168 tandem?

370 4211 520 4276 Nisi
569 4214 746 4275 certa
792 4209 892 4273 his
936 4212 1149 4277 ,verbis
1196 4213 1601 4294 significatur
1646 4214 1840 4295 regiO,
1899 4218 2030 4275 tota
2076 4212 2307 4294 Magna
2355 4211 2623 4274 Graecia

370 4316 815 4400 intellegenda
861 4323 970 4380 661.
1061 4321 1151 4381 At
1190 4323 1403 4401 partes
1442 4317 1797 4401 deposcunt
1843 4338 1988 4381 suas
2027 4320 2136 4400 qui
2186 4323 2374 4380 antea
2419 4318 2621 4380 nomi-
