3200 5050
1583 405 1841 466 ..18
1935 429 2018 450 -.-

683 602 1100 661 conectantur
1166 619 1312 662 cum
1379 599 1835 682 superioribus,
1931 600 2221 664 Poteram
2293 601 2677 666 contendere
2722 603 2915 666 nullo,

680 707 889 769 Antea
953 707 1124 768 enim
1191 725 1262 770 ea
1332 706 1509 770 verbi
1557 699 1713 791 ἀρχτ
1763 708 1863 768 vis
1917 706 2141 787 fuerat,
2199 727 2326 789 qua
2372 707 2779 791 significatur
2823 712 2915 774 rei

681 812 1018 876 cuiusdam
1066 833 1141 876 ea
1194 833 1338 896 pars
1378 836 1415 877 a
1461 833 1588 895 qua
1634 814 1795 877 bene
1844 813 2091 878 facturo
2141 815 2581 898 incipiendum
2628 817 2727 895 sit,
2798 819 2915 880 hoc

677 920 819 984 loco
867 921 1083 984 eadem
1134 940 1262 983 vox
1307 921 1476 984 idem
1527 920 1697 984 valet
1741 927 1929 1002 atque
1977 921 2280 986 Romanis
2323 925 2699 1004 imperitum
2750 924 2914 1006 quod

681 1029 992 1110 optimum
1031 1047 1170 1092 esse
1209 1029 1462 1110 dicitur,
1502 1048 1650 1091 cum
1688 1029 1933 1090 nitatur
1969 1029 2431 1093 benevolentia.
2510 1029 2678 1106 Quid
2721 1031 2919 1114 igitur

680 1137 839 1199 haec
913 1137 1128 1198 omnia
1200 1137 1593 1218 superiorem
1675 1135 1754 1198 ad
1829 1137 2341 1219 expositionem?
2452 1140 2510 1201 A
2578 1159 2703 1220 quo
2765 1141 2939 1202 vero'

678 1243 990 1306 ridiculus
1063 1245 1182 1306 iste
1249 1245 1555 1306 transitus
1622 1248 1717 1306 est
1770 1242 1979 1306 factus
2025 1236 2136 1304 τὸν
2183 1235 2377 1306 αὐτὸν
2422 1244 2481 1306 δ”
2526 1236 2691 1307 εἶναι
2735 1239 2917 1323 λόγον

677 1353 781 1412 καὶ
828 1353 980 1436 περὶ
1025 1353 1136 1436 τῆς
1183 1349 1260 1414 ἔτ
1277 1355 1447 1436 ε’ρας
1494 1343 1687 1435 ἀρχῆς
1732 1351 1855 1412 nisi
1903 1371 1941 1412 a
1975 1350 2377 1414 Jamblicho?
2454 1351 2679 1433 Neque
2724 1353 2919 1435 igitur

681 1460 1021 1540 quicquam
1057 1461 1334 1542 apertius
1353 1464 1563 1541 potest
1581 1477 1719 1521 esse
1738 1477 1927 1538 quam
1958 1457 2035 1520 ab
2057 1457 2163 1521 illa
2193 1459 2515 1540 superiore
2548 1460 2918 1540 quaestione

679 1586 842 1648 quae
907 1566 986 1629 ad
1044 1559 1261 1652 καιρὸν
1323 1566 1638 1648 pertineat
1700 1564 2093 1646 segreganda
2156 1583 2295 1628 esse
2362 1565 2556 1628 verba
2611 1560 2758 1628 οὔτε
2802 1559 2918 1649 γὰρ

677 1673 881 1761 οἰκίαν
925 1674 1050 1737 κτλ.
1104 1676 1140 1756 ξ
1192 1675 1335 1737 183.

857 1783 1034 1859 Quae
1081 1782 1160 1844 ad
1208 1765 1398 1843 suum*
1432 1780 1646 1844 locum
1673 1784 2024 1862 possuntne
2056 1780 2383 1842 revocari?
2448 1779 2915 1843 Sententiarum

679 1896 1022 1954 contextus
1067 1891 1134 1951 in
1183 1889 1301 1951 hoc
1348 1888 1659 1969 fragmine
1705 1887 1761 1949 is
1800 1890 1911 1966 est,
1958 1890 2032 1948 ut
2062 1905 2207 1948 cum
2241 1887 2717 1950 necessitudine
2754 1905 2918 1968 quae

678 1996 1046 2079 regentibus
1110 1997 1434 2077 rectisque
1503 2001 1598 2058 est
1664 2013 1736 2056 ea
1792 1997 2194 2075 comparetur
2248 2012 2372 2074 qua
2419 1994 2527 2074 qui
2576 1993 2811 2056 docent
2854 1998 2920 2056 et

680 2105 786 2186 qui
838 2104 1093 2166 discunt
1139 2103 1632 2184 coniunguntur.
1731 2100 2157 2163 Meministine
2203 2102 2497 2182 proxima
2555 2101 2919 2182 quaestiun-

680 2211 825 2273 cula
899 2201 1278 2293 patefactum
1357 2227 1494 2272 esse
1560 2208 1842 2270 ordinem
1912 2225 2170 2289 prorsus
2235 2206 2552 2271 eundem?
2664 2207 2919 2271 Stobaei

677 2316 840 2381 Flor.
881 2317 984 2396 43,
1030 2317 1115 2378 49
1165 2317 1448 2398 excerpti
1495 2323 1673 2398 parte
1700 2315 1849 2399 περὶ
1894 2305 1951 2376 δ”
1985 2307 2302 2398 ἀρχόντων
2330 2313 2408 2376 ad
2441 2321 2921 2398 παραφρονοῐεν

678 2424 898 2486 relicta
928 2443 1072 2486 cum
1107 2442 1197 2500 ea,
1237 2443 1399 2504 quae
1429 2423 1812 2486 successisse
1843 2423 1934 2484 eis
1961 2421 2237 2484 vidimus
2268 2421 2433 2504 apud
2456 2422 2915 2484 Aristoxenum

679 2533 880 2614 spatio
928 2533 1143 2595 nescio
1193 2551 1318 2612 quo
1367 2531 1742 2609 intermisso,
1791 2529 1943 2609 adiS‚
1990 2529 2331 2593 Jamblichi
2386 2530 2423 2610 ξ
2472 2530 2600 2591 200
2648 2530 2801 2612 περὶ
2848 2528 2921 2590 δὲ

677 2635 860 2725 δόξης
905 2638 1030 2701 κτλ.
1080 2638 1158 2702 ad
1214 2644 1653 2721 καταφρονεῖν,
1720 2636 1798 2699 ab
1848 2631 2143 2720 ἄρχουσιν
2190 2642 2379 2717 atque
2429 2627 2793 2719 ἀρχομένοις
2839 2634 2917 2697 ad

679 2747 979 2810 docentes
1063 2745 1462 2828 progrederis
1558 2750 1623 2806 et
1716 2743 2049 2807 discentes,
2155 2744 2300 2806 Jam
2386 2744 2583 2826 igitur
2664 2760 2918 2805 mecum

679 2854 1002 2918 coniecisti
1051 2855 1118 2915 in
1169 2872 1363 2916 unum
1414 2852 1572 2915 haec
1622 2850 1748 2913 duo
1794 2850 2151 2931 fragmenta
2196 2850 2581 2915 conferenda
2640 2868 2777 2913 esse
2823 2848 2919 2912 lo-

680 2981 843 3023 cum.
911 2962 1079 3037 Quin
1128 2963 1316 3023 etiam
1363 2959 1472 3021 ubi
1520 2956 1862 3021 inserenda
1906 2959 1989 3019 sit
2019 2956 2250 3021 Jambl.
2283 2958 2319 3037 ἓ
2350 2958 2473 3019 183
2510 2957 2917 3019 manifestum

679 3073 789 3131 est.
867 3067 1064 3131 Cuius
1109 3067 1439 3150 fragminis
1484 3067 1691 3148 prima
1736 3066 1933 3129 verba
1978 3059 2126 3125 οὔτε
2164 3056 2279 3149 γὰρ
2318 3061 2522 3126 οἰκίαν
2548 3060 2697 3125 οὔτε
2725 3056 2918 3125 πόλιν

677 3162 750 3237 εὖ
816 3195 977 3236 ποτε
1026 3165 1103 3237 ἂν
1148 3171 1483 3259 οἰκηθῗναι
1519 3166 1612 3252 μίὶ
1668 3165 2067 3256 ὑπάρξαντος
2115 3163 2423 3255 ἀληθινοῦ
2473 3166 2767 3256 ἄρχοντος
2811 3171 2918 3232 καὶ

675 3274 1072 3366 κυριεύοντος
1117 3282 1226 3365 τῆς
1274 3272 1462 3366 ἀρχῆς
1506 3300 1577 3341 τε
1625 3281 1729 3342 καὶ
1776 3275 2149 3349 ἐπιστασίας
2214 3297 2354 3341 sero
2403 3283 2797 3360 apparerent,
2862 3278 2912 3339 si

677 3389 1094 3453 succederent
1131 3388 1318 3470 capiti
1359 3387 1524 3468 quod
1568 3388 1943 3449 terminatur
1981 3404 2135 3448 voce
2173 3391 2666 3469 napaqtpovoz‘sv.
2750 3383 2917 3446 Nus-

678 3515 869 3578 quam
935 3497 1127 3578 igitur
1188 3495 1335 3557 ferri
1403 3497 1671 3576 possunt
1732 3494 1854 3556 nisi
1918 3497 2064 3574 post
2116 3488 2550 3576 φιλάρχοντας.
2644 3493 2742 3554 Ac
2789 3492 2915 3553 iam

679 3603 870 3667 velim
917 3602 1206 3666 attendas
1253 3600 1409 3663 illud
1445 3598 1755 3680 ἑκουσίως,
1796 3599 1966 3680 quod
1998 3616 2141 3661 cum
2173 3604 2459 3661 extrema
2493 3599 2574 3660 sit
2604 3599 2915 3661 enuntiati

678 3731 807 3773 vox
854 3712 916 3772 vi
989 3709 1260 3792 quadam
1329 3708 1562 3771 elatum
1631 3726 1769 3769 esse
1814 3706 2295 3788 persentiscitur
2340 3742 2427 3751 —
2476 3706 2712 3787 optimo
2758 3707 2914 3785 iure,

679 3818 981 3899 quoniam
1029 3818 1090 3879 id
1140 3818 1349 3899 ipsum
1399 3814 1524 3876 duo
1571 3816 1695 3877 ista
1740 3814 1971 3875 similia
2007 3812 2353 3893 coniungit.
2446 3810 2694 3875 Deinde
2740 3812 2915 3893 legas

678 3944 754 3988 ea
819 3944 980 4006 quae
1040 3923 1424 4006 praecedere
1488 3921 1662 3983 illam
1731 3920 2108 3984 sententiam
2177 3918 2363 3981 modo
2422 3919 2724 3981 iussimus
2769 3908 2917 3988 τούς

674 4030 787 4112 μὲν
859 4024 973 4116 γὰρ
1041 4026 1342 4116 ἄρχοντας
1407 4024 1685 4109 ἔφασκον
1740 4020 1814 4089 οὗ
1859 4021 2056 4106 μόνον
2101 4020 2547 4110 ἐπιστήμονας,
2607 4017 2767 4087 ἀλλὰ
2810 4026 2916 4087 καὶ

676 4133 1280 4223 φιλανθρώπους
1345 4137 1476 4197 δεῖν
1544 4126 1724 4214 εἶναι,
1790 4136 1896 4197 καὶ
1960 4126 2106 4204 τούς
2171 4126 2553 4218 ἀρχομένους
2598 4125 2675 4194 οὗ
2719 4126 2916 4211 μόνον

676 4249 1069 4330 πειθηνίους,
1121 4237 1280 4306 ἀλλὰ
1324 4245 1426 4309 καὶ
1463 4236 1992 4326 φιλάρχοντας.
2069 4240 2209 4303 Hoc
2249 4247 2344 4303 est
2382 4239 2536 4302 illud
2579 4240 2915 4321 imperium

677 4352 843 4433 quod
893 4352 971 4414 fit
1017 4350 1324 4420 ἑκουσίως.
