3200 5050
1260 393 1696 456 ...21-

355 591 619 675 quidem
666 591 937 656 exhibeo
976 609 1140 674 quae
1178 591 1403 656 ducam
1454 609 1593 655 esse
1643 590 2061 654 conectenda:
2109 590 2153 654 J
2155 588 2340 654 ambl.
2391 589 2428 669 ἓ
2467 589 2595 652 233

352 696 426 764 ἕν
470 703 551 786 τῇ
595 695 919 786 μελλούσῃ
965 691 1239 784 ἀληθινῇ
1286 693 1551 761 ἔσεσθαι
1596 695 1779 780 φιλίᾳ
1827 697 1911 769 οἷς
1946 695 2220 760 πλεῖστα
2268 696 2401 760 δεῖν
2448 691 2597 776 ἔφα-

354 823 477 870 σαν
521 797 683 870 εἶναι
728 798 811 868 τὰ
855 797 1169 890 ὡρισμένα
1214 806 1321 868 καὶ
1366 807 1806 884 νενομισμένα,
1853 803 2057 876 καλῶς
2102 802 2172 867 δέ
2207 805 2389 866 ταῦτ’
2436 794 2601 866 εἶναι

352 917 690 999 κεκριμένα
737 915 844 976 καὶ
886 905 979 999 μὴ
1037 909 1175 999 εἰκῆ
1222 963 1235 976 .
1284 962 1297 976 .
1350 904 1525 984 ὅπως
1568 905 1733 998 μήτε
1783 903 2044 990 ὁμιλία
2089 911 2431 997 μηδεμία
2480 902 2598 972 ἰλι-

352 1015 564 1104 γώρως
617 1041 687 1083 τε
733 1021 839 1084 καὶ
884 1017 1021 1104 εἰκῆ
1064 1023 1321 1105 γίνηται,
1371 1011 1531 1082 ἀλλὰ
1574 1019 1720 1098 μετ’
1767 1015 1980 1090 αἰδοῦς
2034 1037 2105 1081 τε
2160 1019 2265 1081 καὶ
2311 1020 2602 1088 συννοίας

352 1129 465 1190 καὶ
500 1119 733 1203 τάξεως
771 1127 983 1213 ὀρθῆς,
1022 1121 1187 1211 μήτε
1227 1121 1484 1198 πάθος
1529 1122 1844 1210 ἐγείρηται
1878 1122 2080 1210 μηδὲν
2113 1122 2249 1209 εἰκῆ
2285 1125 2391 1187 καὶ
2437 1117 2601 1205 φαύ-

352 1233 481 1306 λως
525 1236 630 1297 καὶ
675 1227 1144 1320 ἡμαρτημένως,
1192 1222 1328 1297 οἷον
1357 1230 1685 1313 ἐπιθυμία
1713 1222 1753 1319 ἢ
1782 1225 1946 1318 ὀργή.
2039 1232 2074 1295 1‘
2105 1224 2294 1303 αὐτὸς
2324 1230 2394 1298 δὲ
2424 1225 2602 1311 λόγος

352 1344 467 1404 καὶ
529 1334 690 1404 κατὰ
751 1345 877 1404 τῶν
940 1341 1420 1422 λειπομένων
1481 1339 1764 1404 παθῶν
1824 1361 1906 1403 τε
1968 1342 2094 1404 καὶ
2154 1340 2596 1403 διαθέσεων.

355 1449 395 1533 ᾖ
453 1448 577 1511 180
623 1438 789 1512 εἶναι
840 1440 956 1532 γὰρ
998 1440 1187 1512 κατὰ
1244 1440 1375 1520 τὰς
1432 1447 1736 1527 ὁμιλίας
1789 1440 1900 1510 τὸν
1954 1445 2075 1526 μὲν
2130 1442 2437 1530 εὔκαιρον,
2491 1437 2603 1508 τὸν

354 1553 431 1618 δὲ
479 1549 749 1637 ἄκαιρον,
796 1555 1181 1639 διαιρεῖσθαι
1235 1548 1306 1619 δὲ
1363 1549 1606 1642 ἡλικίας
1659 1576 1730 1618 τε
1777 1555 2053 1640 διαφορᾷ
2096 1555 2197 1617 καὶ
2255 1546 2602 1632 ἀξιώματος

422 1711 438 1724 .
487 1712 501 1726 .
547 1656 694 1724 οὔτε
741 1655 856 1746 γὰρ
900 1655 1119 1748 ὀργῆς
1162 1658 1339 1727 οὔτε
1389 1655 1712 1746 ἀπειλῆς
1757 1653 1958 1732 εἶδος
2003 1664 2158 1724 πᾶν
2204 1655 2376 1723 οὔτε
2421 1663 2601 1745 θρα-

355 1762 682 1854 σύτητος
726 1818 739 1831 .
792 1818 805 1830 .
865 1761 1025 1833 ἀλλὰ
1078 1771 1295 1833 πᾶσαν
1347 1763 1465 1855 τὴν
1517 1763 1821 1857 τοιαύτην
1875 1767 2167 1855 ἀκαιρίαν
2221 1768 2604 1852 εὐλαβητέον

353 1867 525 1940 εἶναι
567 1879 659 1961 τῷ
702 1880 987 1961 νεωτέρῳ
1021 1868 1183 1960 πρὸς
1215 1869 1327 1939 τὸν
1360 1870 1819 1963 πρεσβύτερον.
1867 1869 2323 1960 παραπλήσιον
2367 1871 2437 1937 δὲ
2463 1856 2601 1936 κτλ.

542 1983 756 2047 Pauca
792 1983 1121 2047 subiciam.
1197 1983 1597 2068 Fragmentis
1637 1984 2001 2047 coniunctis
2029 1982 2416 2065 Pythagorei
2455 2000 2602 2045 cen-

354 2091 568 2154 suisse
614 2095 955 2154 narrantur
1007 2091 1077 2154 in
1123 2091 1408 2154 amicitia
1453 2111 1640 2173 quam
1702 2090 1980 2174 plurima
2023 2089 2274 2173 legibus
2335 2088 2604 2152 definita

358 2215 507 2266 esse
552 2201 858 2280 oportere,
906 2215 987 2260 ne
1036 2217 1164 2279 qua
1208 2188 1425 2276 ὁμιλία
1480 2203 1717 2262 temere
1772 2197 1990 2276 fieret3
2050 2197 2197 2260 fieri
2244 2195 2414 2259 enim
2463 2213 2604 2258 eam

353 2321 547 2387 posse
594 2307 705 2366 aut
748 2294 1052 2388 εὐκαίρως
1096 2309 1208 2367 aut
1245 2296 1530 2390 ἀκαίρως.
1623 2308 1804 2368 Patet
1840 2305 2153 2386 imprimis
2185 2321 2342 2365 voce
2389 2293 2603 2381 ὁμιλία

352 2411 533 2473 viam
580 2429 723 2474 eam
771 2430 900 2492 qua
943 2405 1314 2494 progressus
1360 2412 1445 2473 sit
1488 2409 1763 2494 scriptor
1818 2411 2074 2474 muniri.
2166 2409 2386 2492 Ipsum
2451 2428 2602 2472 vero

354 2515 525 2581 illud
570 2508 687 2600 γὰρ
725 2517 763 2598 ξ
802 2517 925 2581 180
976 2516 1144 2600 apud
1174 2517 1215 2581 J
1220 2517 1610 2583 amblichum
1658 2537 2204 2602 supervacaneum
2252 2537 2432 2580 suam
2473 2516 2604 2579 vim

353 2624 785 2707 recuperavit.

542 2731 791 2807 Quibus
837 2731 1116 2815 probatis
1162 2732 1591 2815 fragmentum
1638 2734 1793 2818 περὶ
1838 2728 2028 2816 τύχης
2085 2732 2271 2796 alteri
2318 2730 2607 2812 sequitur

353 2840 751 2903 successisse
798 2838 893 2902 illi
939 2859 1065 2921 quo
1114 2839 1193 2904 de
1238 2842 1434 2925 καιρῷ
1479 2841 1908 2905 Aristoxenus
1956 2839 2102 2922 egit.

544 2944 866 3028 Coniungi
910 2947 1195 3010 nondum
1235 2952 1502 3029 possunt
1548 2967 1695 3011 cum
1742 2947 1886 3010 aliis
1922 2946 2275 3028 fragmenta
2324 2945 2467 3026 duo,
2517 2943 2605 3006 a]-

354 3059 570 3117 terum
618 3074 656 3116 a
699 3054 740 3117 J
744 3073 950 3118 oanne
998 3053 1267 3118 Stobaeo
1313 3054 1476 3118 Flor.
1530 3057 1584 3135 1,
1639 3056 1756 3117 101
1808 3054 1889 3117 Η.
1938 3058 2275 3134 servatum,
2337 3052 2601 3116 alterum

354 3179 449 3224 ex
502 3159 850 3224 Jamblichi
908 3162 945 3241 ξ
997 3162 1123 3223 164
1178 3160 1627 3225 resolvendum
1686 3160 1874 3243 paulo
1934 3165 2167 3243 postea.
2261 3158 2384 3223 Sed
2443 3158 2602 3221 ratio

352 3284 627 3331 necesse
676 3272 772 3331 est
807 3267 1125 3349 reddatur,
1172 3268 1419 3350 reliqua
1465 3287 1628 3350 quae
1666 3269 2055 3332 Aristoxeno
2102 3267 2372 3331 inferior
2407 3266 2604 3347 scrip-

352 3380 464 3438 tor
509 3372 739 3437 debeat
784 3393 900 3437 cur
944 3394 1075 3437 non
1122 3374 1347 3439 eodem
1394 3377 1600 3458 capite
1646 3375 2069 3457 purgaverim.

788 3679 902 3743 De
952 3678 1417 3745 Aristoxeni
1461 3679 1967 3763 Πυθαγορικᾴυ
2012 3679 2178 3761 Βίῳ.

1466 3806 1516 3866 l.

542 3912 1009 3995 Πυθαγορικῶν
1052 3903 1451 3991 Ἄποφάσεων
1498 3911 1713 3992 specie
1760 3914 1950 3991 atque
1997 3908 2212 3971 indole
2258 3908 2606 3990 exploratis

356 4039 447 4083 ex
496 4017 816 4099 capitibus
860 4018 1173 4081 restitutis
1232 4017 1493 4081 alteram
1542 4017 2042 4098 fragmentorum
2094 4015 2463 4078 Aristoxeni
2510 4033 2608 4079 se-

354 4125 545 4201 riem,
594 4140 759 4206 quae
804 4124 975 4187 haud
1020 4128 1193 4188 recte
1230 4124 1441 4186 adhuc
1479 4122 1781 4186 videntur
1826 4140 1965 4185 esse
2006 4121 2305 4200 iudicata,
2354 4122 2432 4183 ad
2480 4122 2608 4204 pri-

355 4232 601 4296 stinam
658 4229 875 4294 sedem
930 4229 1235 4294 reducere
1294 4248 1616 4293 conemur.
1709 4229 2132 4311 paragraphis
2187 4228 2229 4291 J
2233 4227 2418 4291 ambl.
2480 4229 2604 4292 196

357 4338 447 4403 ad
516 4338 645 4400 198
721 4337 1041 4419 integrum
1106 4336 1561 4419 comprehendi
1627 4335 1978 4417 capitulum
2041 4335 2368 4417 scriptoris
2431 4334 2607 4397 illius
