3200 5050
1590 393 1853 457 --20
1946 427 2029 442 .-

692 589 1140 676 διακυβερνῶσι
1198 583 1560 671 ξύμπαντα.
1674 589 1878 654 Valde
1951 581 2184 673 dignus
2247 595 2600 653 memoratu
2664 589 2926 671 Dionys.

692 698 836 762 Hal.
884 698 963 762 de
1008 718 1213 781 comp.
1259 698 1431 762 verb.
1479 697 1611 763 XII
1657 701 1768 762 84:
1825 697 2092 782 καιροῦ
2147 695 2218 760 δὲ
2261 691 2411 758 οὔτε
2467 689 2673 784 ῥήτωρ
2728 696 2931 769 οὐδεὶς

694 800 842 868 οὔτε
888 799 1234 887 φιλόσοφος
1278 802 1369 876 εἰς
1412 799 1561 868 τόδε
1607 799 1832 890 χρόνον
1879 808 2104 888 τέχνην
2149 796 2374 888 ὥρισεν
2419 853 2431 866 .
2467 854 2480 866 .
2509 854 2524 867 .
2589 804 2730 867 οὐδ’
2778 796 2932 876 ὅλως

692 908 1019 1000 ἐπιστήμῃ
1063 905 1345 998 θηρατός
1388 908 1560 976 ἐστιν
1606 904 1641 973 ὃ
1685 906 1969 996 καιρός,
2021 903 2181 975 ἀλλὰ
2227 905 2422 998 δόξῃ.
2469 904 2712 997 ταύτην
2755 905 2826 976 δὲ
2872 909 2935 974 οἱ

692 1016 813 1099 μὲν
857 1015 971 1083 ἐπὶ
1016 1017 1275 1082 πολλῶν
1308 1021 1417 1083 καὶ
1452 1013 1758 1090 πολλάκις
1791 1013 2219 1100 γυμνάσαντες
2257 1014 2518 1099 ἄμεινον
2551 1019 2680 1081 τῶν
2727 1014 2935 1082 ἄλλων

693 1119 1121 1212 εὑρίσκουσιν·
1158 1125 1220 1190 οἱ
1264 1126 1335 1189 δὲ
1382 1118 1730 1211 ἀνάσκητον
1767 1110 2033 1207 ἀφέντες
2067 1120 2502 1211 σπανιώτερον
2532 1127 2638 1190 καὶ
2677 1117 2934 1210 ὥσπερ

697 1226 847 1297 ἀπὸ
908 1227 1147 1318 τύχης.
1239 1233 1341 1297 Ex
1408 1235 1691 1317 ipsorum
1764 1233 2312 1318 Pythagoreorum
2384 1234 2646 1298 officina
2708 1253 2932 1317 promo

692 1341 903 1404 Theoi.
952 1341 1198 1404 arithm.
1245 1361 1304 1424 p.
1352 1343 1436 1404 45
1483 1341 1814 1425 τοιγαροῦν
1856 1334 2042 1426 τύχη
2087 1361 2168 1403 τε
2201 1333 2281 1412 ὦς
2307 1340 2472 1404 πᾶσι
2505 1345 2950 1425 παρεπο,ιιε’“ινηκ

693 1456 825 1519 τοῖς
870 1447 1326 1531 ἀποβαίνουσιν
1356 1441 1728 1528 ὀνομάζεται
1753 1447 1906 1527 (scil.
1938 1440 1978 1531 ἡ
2011 1441 2302 1531 ἑβδομὰς)
2347 1449 2470 1511 καὶ
2516 1440 2777 1532 καιρὸς
2821 1443 2934 1511 ἐπὶ

694 1549 917 1640 τούτῳ,
962 1549 1121 1619 διότι
1163 1549 1559 1641 καιριοτάτης
1602 1559 1860 1634 τέτευχε
1906 1558 2161 1640 χωρίαςς
2220 1556 2300 1619 cf.
2347 1555 2494 1618 ibid.
2543 1575 2600 1635 p.
2641 1557 2723 1618 53
2775 1561 2933 1620 extr.

696 1672 759 1726 et
822 1665 907 1725 54
972 1664 1056 1725 in.
1160 1663 1263 1726 Ex
1328 1663 1775 1727 diversissimis
1849 1663 2160 1726 aetatibus
2225 1661 2492 1726 collecta
2554 1667 2714 1725 sunt
2774 1663 2936 1725 haec

696 1770 1072 1834 testimonia.
1166 1769 1479 1846 Quoniam
1552 1770 1752 1852 igitur
1813 1775 1878 1833 et
1941 1769 2020 1834 de
2087 1769 2277 1854 καιρᾷ
2347 1774 2412 1833 et
2456 1768 2533 1832 de
2580 1763 2740 1856 τύχῃ
2787 1768 2935 1851 (vid.

696 1877 867 1941 Stob.
914 1876 1049 1940 Ecl.
1097 1876 1129 1938 I
1178 1877 1260 1956 6‚.
1287 1879 1369 1940 18
1416 1877 1539 1952 W.)
1586 1877 2046 1940 Aristoxenum
2095 1877 2162 1938 in
2207 1869 2618 1956 Ἆποφὰσεσιν
2656 1876 2939 1959 disputa-

696 1985 863 2047 visse
920 1989 1317 2068 compertum
1361 1984 1689 2064 habemUS,
1742 1983 1888 2046 fieri
1932 2003 2064 2046 non
2108 1988 2318 2067 potest
2362 1983 2518 2065 quin
2576 1983 2938 2048 cohaesisse

696 2091 903 2172 capita
966 2091 1111 2180 ista-
1140 2090 1615 2155 concludamus.
1709 2090 1834 2154 Sed
1881 2095 2092 2153 utrum
2143 2091 2268 2154 utri
2313 2091 2743 2174 fragmentum
2791 2110 2940 2154 suc-

698 2197 929 2261 cessit?
1008 2196 1347 2260 Mousti-ari
1385 2198 1652 2261 fortasse
1690 2203 1959 2280 possunt
1994 2203 2093 2261 est
2129 2217 2206 2261 ea
2251 2217 2414 2280 quae
2452 2203 2943 2281 praecesserunt

694 2305 905 2387 ipsum
953 2324 1081 2386 quo
1129 2304 1207 2368 de
1253 2305 1449 2390 καιρῷ
1496 2304 1693 2368 verba
1737 2304 1908 2366 fiunt
1950 2305 2396 2387 fragmentum.

871 2411 912 2474 J
917 2411 1212 2475 amblichi
1263 2413 1341 2494 ἐξ
1388 2412 1517 2475 230
1564 2404 2070 2495 παρεκελεύοντο
2117 2412 2195 2475 ad
2235 2413 2361 2475 233
2412 2412 2766 2475 διαθέσεων
2814 2413 2940 2476 ori-

695 2520 909 2603 ginem
958 2519 1217 2582 duxisse
1267 2539 1349 2583 ex
1396 2512 1806 2601 Ἅποφάσεσιν
1850 2519 2357 2611 perspiceremus
2404 2541 2532 2584 non
2579 2519 2790 2584 solum
2838 2540 2939 2584 ar-

696 2632 999 2710 gumento
1066 2626 1291 2708 edocti,
1357 2647 1576 2691 verum
1657 2627 1846 2691 etiam
1921 2627 2129 2691 forma
2192 2662 2276 2673 -—
2339 2627 2722 2691 attendenda
2787 2633 2942 2691 sunt

695 2726 1217 2817 παρεκελεύοντο,
1266 2729 1529 2813 ἔφασαν,
1580 2734 1810 2797 similia
1853 2770 1958 2813 —-‚
2006 2734 2194 2797 etiam
2241 2734 2295 2798 si
2342 2754 2472 2798 non
2533 2739 2943 2799 succurreret

694 2841 1235 2923 paragraphorum
1285 2841 1428 2922 101,
1482 2842 1607 2904 102
1654 2840 2115 2923 disputationiS,
2162 2859 2326 2923 quae
2376 2860 2523 2905 cum
2577 2846 2758 2924 parte
2803 2861 2936 2905 non

697 2947 931 3029 exigua
975 2947 1243 3029 illarum,
1290 2966 1495 3029 usque
1542 2949 1624 3011 ad
1671 2951 1708 3027 ξ
1757 2948 1884 3011 232
1935 2939 2490 3033 ἀνεπανόρθωτον,
2541 2948 2619 3011 ad
2670 2948 2938 3011 verbum

698 3056 1029 3135 consentit,
1098 3054 1432 3118 exordium
1487 3054 1916 3140 παραδίδοται
1971 3054 2041 3117 δὲ
2093 3057 2200 3118 καὶ
2259 3048 2444 3125 ἄλλος
2498 3048 2735 3140 τρόπος
2788 3074 2938 3116 παι-

582 3238 585 3241 ,
698 3154 966 3231 δεύσεως
1012 3154 1136 3224 διὰ
1188 3165 1334 3224 τῶν
1378 3165 1939 3247 Πυθαγορικῶν
1996 3154 2470 3242 ἀποφάσεων.
2563 3164 2622 3225 Α
2669 3180 2940 3247 παρεκε-

696 3262 955 3331 λεύοντο
1004 3273 1212 3333 autem
1266 3271 1302 3351 ξ
1341 3270 1471 3333 230
1510 3270 1791 3353 incipere
1831 3270 1964 3332 dixi
2013 3275 2384 3352 excerptum
2418 3269 2938 3350 Aristoxeneum,

698 3396 845 3439 cum
908 3377 1449 3460 paragraphorum
1523 3396 1688 3459 quae
1759 3382 2070 3459 praeeunt
2138 3377 2265 3439 229
2334 3381 2396 3439 et
2461 3377 2588 3440 230
2662 3375 2940 3459 plurima

698 3484 1027 3547 enuntiata
1077 3484 1477 3567 reperiantur
1526 3485 1595 3546 in
1643 3484 1722 3565 ἓξ
1773 3484 1854 3546 69
1905 3489 1969 3547 et
2015 3487 2049 3547 7
2060 3485 2117 3565 0,
2175 3502 2338 3566 quae
2395 3489 2529 3547 arte
2595 3483 2942 3547 cohaerent

698 3609 845 3654 cum
896 3591 932 3671 ἓ
981 3591 1065 3653 68
1112 3593 1369 3673 propter
1413 3582 1575 3674 πρὸς
1618 3586 1864 3661 τούτοις
1909 3584 2222 3677 ἐμψύχων
2269 3583 2522 3674 ἄποχὴν
2579 3590 2941 3665 κατέδειξεν

698 3717 735 3759 a
779 3692 1214 3779 Peripatetico
1250 3697 1482 3776 aliena3
1543 3696 1622 3761 cf.
1681 3698 1848 3759 enim
1905 3698 2138 3761 Athen.
2187 3698 2252 3761 X
2298 3718 2356 3781 p.
2404 3698 2588 3761 4181.
2639 3697 2796 3762 Gell.
2842 3698 2942 3761 IV

703 3809 799 3867 11.
893 3802 1169 3867 Cobetus
1225 3804 1419 3886 igitur
1474 3802 1628 3867 Goll.
1688 3804 1820 3867 crit.
1879 3824 1936 3886 p.
1985 3805 2113 3867 429
2175 3814 2237 3869 et
2292 3803 2620 3869 Nauckius
2667 3810 2750 3885 (v,
2799 3806 2942 3869 eius

697 3894 929 3990 adnot.)
987 3910 1233 3993 decepti
1292 3915 1441 3973 sunt
1496 3911 1532 3991 ξ
1580 3910 1712 3972 230
1778 3910 1861 3971 in.
1910 3910 2118 3974 verbis
2177 3906 2269 3973 ἔτι
2314 3913 2420 3974 καὶ
2475 3911 2618 3975 νῦν.
2709 3910 2942 3994 Neque

699 4019 869 4081 enim
917 4037 993 4080 ea
1040 4022 1135 4079 est
1179 4017 1509 4098 sententia,
1558 4020 1630 4079 ut
1674 4016 1751 4079 ab
1792 4017 2040 4099 aequali
2082 4017 2125 4081 J
2127 4018 2425 4082 amblichi
2475 4018 2670 4102 ipsius
2719 4018 2944 4083 efferri

697 4143 827 4188 non
891 4123 1182 4206 potuerit.
1274 4122 1533 4187 Rectius
1596 4124 1791 4205 igitur
1854 4123 2075 4188 Rohde
2140 4124 2300 4189 Mus.
2357 4125 2473 4189 Rh.
2522 4126 2624 4206 27,
2674 4126 2758 4188 32
2835 4127 2943 4206 (cf.

696 4251 753 4313 p.
805 4232 910 4305 55)
958 4230 1370 4312 Apollonium
1435 4230 1794 4311 suspicatus
1859 4236 1955 4295 est
2019 4231 2432 4313 expositionis
2495 4230 2946 4297 inflatissimae

698 4337 895 4399 fuisse
956 4340 1295 4399 auctorem.
1399 4335 1522 4400 Sed
1583 4336 1661 4399 ad
1719 4337 2112 4419 propositum
2172 4346 2461 4401 revertor
2523 4358 2598 4401 ac
2658 4338 2949 4421 primum
