3200 5050
734 573 932 660 igitur
993 580 1363 655 perseverat
1423 573 1826 656 Pythagorae
1893 574 2212 637 orationes
2259 595 2298 636 a
2340 573 2594 636 Timaeo
2659 591 2798 636 esse
2842 573 2955 638 ela÷

732 679 1002 760 borataS,
1050 699 1197 742 cum
1244 681 1663 743 iurisiurandi
1710 699 1866 743 usus
1911 683 1992 761 (v,
2039 681 2097 744 J.
2137 682 2244 753 47)
2294 679 2464 762 apud
2490 679 2842 744 Diodorum
2863 680 2954 742 1.1.

734 791 1107 851 coerceatur
1164 787 1526 850 narratione
1596 787 1891 869 simplici,
1963 806 2112 850 cum
2177 793 2506 868 praeterea
2569 785 2956 869 Pythagorae

734 891 907 972 quod
952 891 1141 955 modo
1198 893 1465 976 apposui
1510 892 1589 956 de
1637 898 1879 975 septem
1927 893 2322 976 sapientibus
2376 893 2693 960 iudicium
2728 893 2957 974 primae

735 999 1039 1061 orationis
1088 1001 1125 1080 ς’
1174 1000 1259 1060 44
1307 1003 1768 1062 commutatum
1817 1006 2074 1080 tamque
2118 1000 2378 1062 inanem
2425 999 2494 1060 in
2543 998 2957 1081 superbiam²)

734 1103 1049 1195 detortum
1128 1105 1211 1167 sit
1286 1111 1359 1168 ut
1434 1107 1826 1187 apertissime
1898 1106 2411 1188 deprehendatur
2473 1105 2587 1188 qui
2642 1105 2845 1170 aliena
2895 1106 2956 1168 in

730 1210 907 1274 locos
953 1211 1196 1274 alienos
1242 1212 1676 1301 transtulerit?
2057 1287 2064 1298 .

908 1317 1143 1381 Tamen
1207 1338 1359 1380 num
1434 1319 1776 1399 quisquam
1839 1337 2261 1384 concessurus
2327 1320 2428 1400 sit,
2497 1324 2570 1381 ut
2615 1319 2684 1380 in
2729 1317 2959 1382 Timaei

731 1423 1101 1490 auctoribus
1146 1425 1577 1488 Aristoxenus
1624 1431 1998 1488 numeretur
2036 1425 2219 1489 valde
2265 1425 2504 1506 dubito,
2550 1424 2679 1488 nisi
2725 1431 2960 1488 extaret

734 1530 905 1613 apud
950 1530 1115 1594 Plut.
1164 1531 1317 1612 Lyc.
1368 1532 1470 1612 31,
1520 1532 1558 1594 6
1604 1530 1980 1616 τελευτῆσαι
2044 1529 2112 1594 δὲ
2175 1523 2286 1592 τὰν
2331 1531 2698 1616 Λυκοῦργον
2745 1529 2805 1593 οἱ
2849 1529 2960 1610 μὲν

730 1632 800 1698 ἐν
862 1639 1065 1722 Κίρρᾳ
1118 1636 1433 1716 λέγουσιν·
1495 1630 1966 1718 Ἀπολλὸθεμις
2033 1637 2103 1700 δὲ
2171 1635 2261 1709 εἰς
2305 1625 2505 1701 ἶΗλιν
2550 1641 2958 1717 κομισθέντα·

738 1747 1063 1823 Τίμαιος
1144 1743 1213 1808 δὲ
1285 1746 1391 1806 καὶ
1458 1739 1977 1828 Ἀριστόξενος
2057 1740 2126 1808 ἐν
2184 1737 2401 1830 Κρήτῃ
2465 1739 2960 1826 καταβιώσαντα·

729 1851 857 1915 καὶ.
901 1845 1105 1932 τάφον
1159 1844 1582 1935 Ἀριστόξενος
1629 1843 1828 1914 αὗτοῢ
1873 1851 2251 1914 δείκνυσθαί
2291 1869 2484 1935 φησιν
2529 1842 2662 1912 ὑπὸ
2708 1853 2960 1935 Κρητῶν

729 1959 843 2041 τῆς
886 1961 1258 2041 Περγαμίας
1302 1959 1455 2042 περὶ
1500 1949 1617 2042 τὴν
1663 1951 1906 2041 ξενικὴν
1951 1951 2112 2020 ὁδόν.

908 2063 1153 2128 Verum
1220 2065 1390 2130 enim
1465 2085 1618 2128 vero
1681 2084 1765 2128 ne
1828 2065 2123 2135 Timaeus
2189 2065 2449 2147 quidem
2513 2069 2852 2147 excerptor
2908 2063 2959 2124 is

732 2190 923 2252 quem
998 2170 1119 2232 diu'
1174 2173 1554 2252 quaerimus.
1659 2170 1903 2234 Sodalis
1980 2172 2120 2234 eius
2191 2177 2480 2253 repertus
2552 2179 2666 2236 est.
2761 2169 2959 2246 Quid?

731 2275 967 2340 Multos
1014 2277 1440 2340 Aristoxenus
1486 2278 1768 2360 hospites
1813 2277 2072 2360 recepit.
2121 2313 2206 2324 --

912 2471 1036 2549 Qui
1084 2491 1243 2557 opus
1292 2472 1622 2555 quodlibet
1685 2473 2010 2537 exstruxit
2067 2474 2122 2537 ei
2174 2473 2230 2536 si
2277 2474 2386 2536 cui
2433 2471 2622 2539 alteri,
2663 2472 2776 2535 ubi
2822 2475 2962 2534 vota

729 2586 867 2643 rata
913 2586 1064 2645 sunt
1106 2580 1279 2645 facta
1324 2586 1523 2643 totum
1572 2580 1766 2643 liceat
1811 2580 2014 2645 oculis
2063 2582 2448 2643 examinare.
2499 2616 2582 2624 —

788 2674 793 2680 ¹
908 2681 1300 2769 Ἀποφάσεις
1336 2688 1772 2755 Aristoxenus
1806 2707 1950 2751 cum
1992 2687 2293 2768 condidit,
2332 2688 2567 2749 mirum
2603 2688 2674 2749 in
2711 2685 2962 2749 modum

732 2800 795 2857 et
831 2781 1037 2860 v'nova
1112 2784 1449 2877 temptavit
1524 2799 1589 2857 et
1655 2813 1817 2876 quae
1896 2794 2139 2875 legerat
2215 2793 2548 2857 audiverat
2616 2792 2962 2875 discipulus

731 2902 1095 2965 Aristotelis
1140 2902 1425 2964 nondum
1476 2920 1552 2964 ea
1597 2901 1804 2983 potuit
1849 2908 2060 2963 mente
2108 2900 2441 2983 depellere.
2532 2900 2963 2983 Pythagoreos

732 3009 1137 3090 sapientiam,
1202 3014 1539 3091 praecepta
1608 3007 1893 3088 moralia,
1956 3027 2084 3070 non
2155 3007 2485 3090 discipulis
2561 2998 2781 3090 paucis
2827 3006 2961 3086 sed

733 3113 1000 3191 cuilibet
1064 3115 1309 3178 homini
1366 3114 1646 3179 faciebat
1709 3112 2245 3195 commendanteS,
2309 3114 2584 3177 faciebat
2629 3114 2963 3197 probantes

732 3222 944 3285 causis
989 3221 1473 3303 rationibusque
1517 3240 1681 3307 quae
1710 3220 1922 3296 studio
1961 3227 2144 3283 erant
2180 3240 2255 3283 ac
2287 3221 2555 3284 scientia
2586 3227 2961 3303 procreatae.

730 3328 985 3409 Ergone
1032 3327 1385 3410 Xenophili
1452 3329 1721 3409 eiusque
1791 3327 2155 3409 aequalium
2203 3347 2394 3408 quam
2443 3327 2834 3391 adulescens.
2867 3346 2961 3389 ac-

730 3439 985 3517 ceperat
1032 3434 1387 3497 doctrinam
1435 3453 1550 3497 suo
1599 3434 1802 3497 Marte
1849 3434 2258 3497 retractavit?
2454 3424 2460 3428 ’

907 3540 1193 3603 Platonis
1272 3540 1448 3604 locus
1523 3547 1620 3603 est
1693 3542 1934 3623 Legum
1997 3541 2030 3603 I
2094 3562 2150 3623 p.
2221 3542 2344 3605 631
2413 3540 2548 3603 Bss
2627 3541 2960 3605 consilium

730 3647 1107 3709 Aristoxeni
1173 3648 1341 3711 unde
1408 3647 1616 3711 discas
1683 3649 1873 3711 unice
1930 3648 2218 3710 idoneus,
2313 3646 2571 3709 Oretum
2615 3646 2797 3729 leges
2842 3666 2962 3710 non

732 3760 969 3816 temere
1033 3753 1330 3815 laudibus
1379 3752 1596 3817 efferri
1639 3754 2011 3817 iudicantur
2056 3759 2272 3836 utpote
2321 3754 2604 3817 omnium
2656 3753 2960 3818 bonorum

732 3854 1097 3922 hominibus
1144 3861 1443 3921 nutrices
1536 3858 1734 3921 διπλᾶ
1776 3858 1845 3922 δὲ
1874 3853 2089 3945 ἀγαθά
2117 3856 2267 3939 ἐστι,
2299 3852 2380 3921 τὰ
2415 3858 2532 3939 μὲν
2573 3857 2962 3945 ἀνθρώπινα,

733 3958 814 4025 τὰ
862 3964 930 4027 δὲ
977 3967 1149 4044 θεῖα,
1200 3960 1462 4050 ἤριηται
1509 3966 1561 4028 δ’
1600 3962 1669 4037 ἐκ
1714 3970 1839 4028 τῶν
1885 3970 2085 4029 θείων
2134 3960 2378 4052 θάτερα
2418 4016 2428 4027 .
2471 4017 2482 4028 .
2523 4016 2534 4029 .
2587 3962 2722 4029 ἔστι
2781 3967 2849 4030 δὲ
2891 3959 2964 4028 τὰ

918 4144 960 4208 ¹)
999 4139 1140 4192 Post
1178 4146 1654 4195 commemoratos
1694 4147 2021 4212 sapientes‘:-
2056 4138 2112 4193 ἐν
2149 4149 2250 4200 τοῖς
2290 4143 2406 4212 ἑξῆς
2441 4137 2654 4214 χρᾷνοις
2701 4140 2762 4195 ἐν
2799 4138 2874 4203 οἷς
2902 4129 2962 4213 ἦν

731 4223 887 4288 αὐτὸς
930 4227 1023 4279 ἕνα
1070 4232 1351 4297 φιλοσοφίᾳ
1390 4228 1644 4301 προέχειν
1680 4232 1783 4282 τῶν
1821 4227 2034 4283 πάντων
2074 4234 2135 4299 (2¹)
2175 4272 2187 4284 .
2229 4272 2240 4283 .
2281 4233 2446 4283 ταῦτα
2493 4230 2595 4302 μὲν
2633 4228 2692 4283 ἐν
2729 4234 2803 4304 τῷ
2840 4252 2960 4303 γυμ-

730 4321 891 4388 νασίῳ
932 4323 1034 4374 τοῖς
1070 4315 1205 4374 νέοις
1239 4317 1493 4389 διελέχθη
1534 4322 1611 4384 (l).
