3200 5050
1166 381 1559 443 -7....

247 577 425 640 nuda
494 577 587 640 ibi
661 569 1083 642 numerantur
1178 583 1533 662 praecepta,
1608 599 1736 642 non
1807 577 2163 642 redduntur
2237 577 2489 642 consilii

245 685 543 748 rationes,

421 790 605 854 Duae
662 792 860 874 igitur
914 797 1210 857 exsectae
1266 797 1416 858 sunt
1471 771 1898 875 compagineS,
1965 811 2232 872 quarum
2291 791 2484 854 altera

248 901 287 978 ἓ
338 903 421 962 19
475 891 669 962 αὐτὸν
726 899 783 962 δ’
830 892 1164 986 ἀρκεῖσθαι
1229 901 1308 964 ad
1356 901 1440 964 20
1508 891 1765 986 ἀρνάσιν
1827 899 2226 982 Pythagorae
2282 900 2486 981 ipsius

248 1007 619 1090 depingitur
663 1008 890 1090 victuS,
938 1009 1136 1074 altera
1174 1009 1319 1090 §22
1348 1009 1433 1073 in.
1475 1008 1554 1071 ad
1594 1009 1679 1070 24
1717 1002 1896 1093 χάριν
1944 1002 2112 1086 ἔχειν
2148 1010 2489 1090 praecepta

248 1115 877 1198 comprehenduntur
922 1116 1255 1199 discipulis
1303 1115 1463 1178 data.

1337 1314 1396 1373 3.-

428 1436 665 1519 Magna
711 1438 1133 1500 similitudine
1181 1437 1465 1519 insignia
1510 1455 1649 1500 esse
1689 1435 1954 1499 Antonii
2003 1439 2068 1498 et
2099 1434 2340 1499 Laertii
2387 1455 2489 1498 ca-

245 1544 381 1626 pita
427 1563 588 1626 quae
635 1546 901 1608 tractavi
939 1545 1221 1608 Zellerus
1266 1549 1414 1609 tom.
1460 1543 1521 1606 1⁴
1574 1544 1744 1608 1876
1782 1563 1841 1626 p.
1867 1543 2082 1605 43011.
2123 1543 2160 1604 2
2211 1542 2491 1606 breviter

248 1649 433 1732 dixit,
478 1650 798 1715 Dielesius
844 1652 1159 1734 imprimis
1206 1650 1473 1732 (Archiv
1518 1649 1620 1712 III
1665 1670 1724 1733 p.
1772 1651 1898 1713 457
1936 1651 2020 1726 ss)
2077 1649 2331 1732 plenius
2379 1668 2490 1712 ex-

248 1757 476 1839 posuit.
568 1757 825 1821 Novum
865 1764 928 1823 et
960 1758 1130 1840 quod
1168 1759 1238 1821 in
1275 1758 1394 1820 hac
1433 1756 1692 1840 quidem
1734 1756 2104 1839 quaestione
2141 1756 2490 1839 plurimum

249 1864 420 1926 valet
472 1865 697 1928 inveni
753 1865 901 1928 hoc:
963 1863 1125 1928 duae
1180 1870 1329 1928 sunt
1385 1864 1555 1947 apud
1611 1864 1966 1927 Antonium
2030 1863 2490 1927 sententiarum

252 1976 701 2052 congestarum
728 1971 969 2035 formae
1008 1973 1176 2035 inter
1204 1991 1270 2034 se
1309 1971 1598 2034 diversae
1637 1971 1918 2052 eaedem,
1957 1990 2224 2052 quarum
2268 1969 2491 2033 discri-

246 2078 425 2140 mine
470 2077 709 2140 Laertii
758 2079 883 2142 duo
938 2079 1050 2141 illa
1096 2098 1361 2160 corpora
1406 2079 1722 2163 distingui
1779 2077 1966 2141 modo
2023 2077 2176 2141 dixi.
2269 2077 2489 2141 Altero

247 2185 317 2246 in
366 2186 592 2267 capite,
648 2185 879 2269 Porph.
928 2186 1003 2268 ἕξ
1053 2187 1135 2248 32
1184 2184 1263 2248 ad
1313 2189 1427 2265 36;
1492 2185 1570 2248 cf.
1619 2185 1823 2248 Laert.
1875 2185 1952 2268 ἓξ
2005 2185 2084 2247 19
2135 2190 2198 2248 et
2243 2186 2345 2266 20,
2411 2185 2490 2248 de

249 2290 615 2374 Pythagora
654 2291 849 2356 verba
882 2292 1055 2356 fiunt
1100 2313 1246 2373 un0,
1292 2294 1360 2354 in
1409 2293 1624 2374 altero,
1673 2293 1752 2373 ἐξ
1785 2293 1869 2354 38
1903 2291 1983 2354 ad
2015 2294 2130 2371 413
2180 2292 2259 2356 cf.
2288 2291 2490 2355 Laert.

248 2396 326 2478 ἐξ
384 2398 465 2460 22
525 2398 604 2461 ad
662 2399 765 2482 24,
831 2398 1291 2482 discipulorum
1364 2401 1526 2462 ratio
1604 2398 1863 2461 ducitur
1932 2398 2491 2463 instituendorum.

250 2503 436 2580 Quod
484 2510 546 2569 et
590 2507 805 2589 ipsum
852 2506 1166 2571 contendo
1215 2507 1294 2569 de
1342 2507 1537 2569 unius
1585 2507 1931 2589 scriptoris,
1991 2507 2103 2589 qui
2156 2507 2492 2588 utriusque

248 2609 560 2693 Diogenis
608 2614 970 2697 exemplum
1019 2615 1162 2697 fuit,
1209 2607 1574 2677 institutum
1623 2633 1762 2678 esse
1801 2614 2090 2690 consilio,
2138 2633 2284 2676 cum
2332 2632 2492 2695 quae

252 2716 505 2780 obstent
572 2720 827 2803 singula
891 2740 1210 2805 perpauca
1272 2722 1463 2785 facile
1531 2721 1957 2804 perspiciatur
2018 2720 2096 2784 ab
2161 2722 2290 2783 illis
2355 2740 2492 2785 esse

247 2829 504 2887 mutata.
605 2826 832 2910 Neque
908 2830 1077 2891 enim
1145 2830 1361 2913 magni
1433 2828 1693 2911 quidem
1761 2829 2070 2891 momenti
2135 2832 2244 2903 est,
2323 2827 2494 2909 quod

248 2932 571 2996 Antonius
601 2935 879 3017 primum
909 2937 1291 3019 paragraphi
1320 2937 1404 2999 32
1429 2940 1843 3019 praeceptum
1887 2956 1924 2997 a
1953 2935 2200 3016 ceteriS,
2240 2936 2277 3015 ξ
2305 2936 2388 2997 38
2415 2954 2494 3015 SS,

251 3042 581 3122 separavit,
631 3042 799 3124 quod
838 3042 1165 3106 Laertium
1198 3044 1608 3105 inveniemus
1647 3043 1909 3106 alterius
1947 3042 2174 3124 capitis
2209 3042 2493 3104 ordinem

250 3140 606 3211 invertisse.
710 3148 913 3213 Multo
978 3151 1239 3233 gravius
1306 3149 1803 3213 existimandum
1875 3154 1974 3213 est
2033 3148 2201 3230 quod
2270 3152 2497 3211 neuter

250 3255 465 3317 omnia
511 3273 546 3318 e
594 3257 920 3318 communi
975 3257 1149 3320 fonte
1219 3256 1503 3339 arripuit.
1598 3256 1850 3333 Quanta
1895 3256 2238 3337 qualiaque
2285 3260 2494 3343 spreta

249 3360 381 3422 sint
437 3362 617 3425 nulla
679 3368 886 3446 potest
949 3362 1075 3425 alia
1141 3363 1247 3426 via
1312 3363 1652 3445 comperiri
1698 3362 1825 3425 nisi
1871 3363 2164 3425 restituto
2212 3362 2493 3425 auctoris

249 3486 438 3548 quem
487 3469 692 3532 secuti
740 3474 889 3532 sunt
927 3471 1389 3533 sententiarum
1434 3470 1568 3535 filo.
1662 3469 1929 3532 Initium
1979 3473 2192 3531 autem
2233 3487 2494 3550 corpus-

251 3574 385 3637 culi
430 3577 777 3658 superioris
802 3636 805 3639 .
827 3596 971 3639 cum
1019 3595 1189 3639 unus
1240 3578 1561 3640 Antonius
1592 3576 2112 3659 transscripserit,
2143 3575 2375 3657 Porph.
2411 3576 2492 3637 32

249 3687 313 3749 et
352 3682 455 3762 33,
502 3684 709 3765 prima
752 3682 992 3747 Laertii
1024 3685 1061 3765 ξ
1098 3684 1442 3767 respondet
1486 3684 1680 3746 huius
1726 3684 1878 3764 §34
1916 3684 2186 3747 ineunti.
2253 3683 2496 3765 Accipe

249 3788 553 3852 tabulam.

608 3952 946 4015 Antonius.
1005 4034 1009 4038 ι
1364 3949 1371 4027 Ι
1815 3951 2123 4015 Laertius

1504 4072 1587 4126 19.
1655 4065 1818 4126 αὐτὸν
1877 4064 1930 4125 δ”
1981 4065 2268 4144 ἇρκεῖσθαι
2327 4070 2496 4143 μέλιτι

1429 4156 1575 4233 μόνῳ
1622 4163 1754 4231 φασί
1797 4180 1935 4221 τινες
1969 4156 2004 4233 ἢ
2040 4164 2205 4233 κηρίῳ
2252 4155 2288 4232 ἦ
2339 4157 2496 4232 ἄρτῳ,

1431 4251 1577 4303 οἴνου
1609 4249 1671 4303 δὲ
1704 4245 1836 4317 μεθ’
1869 4242 2084 4323 ἡμέραν
2108 4242 2172 4303 οὗ
2209 4244 2496 4319 γεύεσθαι·

1432 4334 1549 4412 ὄψῳ
1592 4357 1650 4393 τε
1696 4336 1760 4393 τὰ
1790 4333 1971 4394 ’πολλὰ
2023 4335 2275 4409 λαχάνοις
2313 4336 2498 4407 ἑφθοῖς

319 4071 407 4125 34.
446 4074 537 4143 τῆς
562 4073 761 4142 διαίτης
789 4068 975 4145 τὸμὲν
1003 4065 1092 4145 ἅρι
1075 4059 1315 4144 ιστονῆν

245 4163 433 4234 κηρίον
469 4157 505 4233 ἢ
540 4161 675 4234 μέλι,
728 4162 814 4214 δεῖ
792 4182 910 4217 ιπνο
913 4156 1030 4215 vt?
1066 4158 1223 4236 ἄρτος
1257 4159 1317 4214 ἐκ

244 4249 499 4323 κέγχρων
533 4246 569 4324 ἦ
604 4253 749 4324 μᾶζα
793 4252 885 4303 καὶ
920 4248 1131 4323 λάχανα
1171 4247 1314 4322 ἑφθὰ

245 4360 339 4392 και
378 4360 457 4413 ωμ
463 4334 513 4407 α’,
553 4359 693 4395 &nav
663 4344 786 4399 νέως
823 4338 883 4392 δὲ
916 4340 1073 4415 κρέας
1109 4342 1319 4414 ἱερείων
