3200 5050
1126 435 1558 497 -49—

250 621 321 689 τὰ
362 627 570 710 φίλων,
617 650 747 693 non
786 631 980 694 totius
1020 631 1245 712 capitis
1291 634 1536 692 tantum
1576 631 1914 713 proposito,
1962 630 2074 693 sed
2111 631 2235 713 ipsi
2273 631 2463 693 etiam

253 734 375 798 loco
418 737 607 800 unice
656 738 1065 818 conveniens,
1112 756 1240 798 non
1289 737 1379 799 ita
1428 737 1685 818 quidem
1743 742 1817 798 ut
1861 737 2128 820 posteris
2185 736 2362 799 velut
2404 736 2463 799 J.

260 843 366 905 168
426 843 665 926 placuit
728 849 1115 927 perceptum,
1179 849 1504 924 tamquam
1574 845 1631 906 si
1695 863 1832 908 rem
1895 845 2209 926 privatam
2277 861 2464 906 nemo

248 949 597 1032 possederit,
664 950 776 1014 sed
842 951 1201 1014 communis
1265 969 1432 1012 unus
1498 949 1693 1014 fuerit
1757 943 2070 1012 omnium'
2111 949 2465 1013 thesaurus.

251 1053 414 1129 Quod
462 1058 515 1118 si
568 1063 852 1140 ponatur,
908 1057 1055 1120 fieri
1108 1057 1367 1118 omnino
1413 1076 1543 1119 non
1592 1057 1814 1138 potuit,
1870 1060 1944 1118 ut
1985 1056 2068 1119 de
2123 1075 2239 1118 suo
2288 1056 2468 1136 quic-

250 1180 425 1241 quam
488 1162 728 1226 Clinias
791 1164 1158 1226 remitteret
1261 1162 1463 1225 Immo
1530 1182 1678 1225 cum
1756 1181 1871 1224 sua
1944 1163 2177 1243 cuique
2242 1161 2468 1224 domus

252 1286 509 1350 opesque
558 1270 637 1332 ab
667 1271 1054 1333 Aristoxeno
1095 1287 1397 1332 concessa
1444 1275 1676 1350 essent,
1724 1269 1780 1332 si
1819 1269 2077 1350 quidem
2115 1268 2468 1351 generatim

250 1373 331 1436 ibi
374 1395 574 1458 pauca
618 1377 1016 1458 interposuit,
1072 1374 1498 1458 pulcherrime
1548 1376 1847 1458 congruit
1894 1395 2038 1438 cum
2086 1373 2271 1437 Diod.
2320 1375 2377 1455 3,
2427 1376 2466 1436 5

251 1473 336 1542 ὅτι
395 1477 657 1546 ἐπειδάν
717 1503 881 1553 τινες
934 1483 1061 1544 τῶν
1122 1477 1419 1566 συνήθων
1472 1477 1551 1544 ἐκ
1613 1485 1748 1564 τῆς
1803 1473 1888 1543 οὗ
1898 1485 1975 1544 σί
1983 1503 2064 1552 ας
2122 1476 2466 1561 ἐκπέσοιεν,

250 1588 561 1674 διῃροῦντο
607 1581 689 1651 τὰ
730 1583 1023 1672 χρήματα
1072 1581 1283 1650 αὐτῶν
1330 1588 1411 1658 ὥς
1448 1580 1610 1671 πρὸς
1657 1581 1984 1668 ἀδελφούς,
2075 1588 2298 1669 Itaque
2338 1588 2470 1650 ani-

252 1715 409 1758 mum
456 1695 709 1760 attende
748 1715 940 1777 qua-m
976 1714 1172 1778 prope
1218 1695 1297 1758 ad
1338 1694 1583 1759 Cliniae
1631 1697 1900 1776 eiusque
1945 1695 2266 1757 sociorum
2302 1693 2472 1758 facta

250 1803 689 1867 transferamur
725 1802 1062 1866 verborum
1101 1804 1533 1884 proximorum
1565 1821 1814 1865 summa
1850 1793 1926 1862 οὗ
1961 1794 2159 1880 μόνον
2203 1800 2274 1863 δὲ
2310 1794 2472 1883 πρὸς

250 1901 381 1978 τούς
422 1909 574 1972 καθ’
630 1901 875 1993 ἡμέραν
930 1908 1351 1988 συμβιοῦντας
1403 1911 1529 1969 τῶν
1573 1911 1898 1992 γνωρίμων
1941 1902 2241 1991 τοιαύτην
2300 1899 2472 1985 εἶχον

248 2007 350 2098 τὴν
396 2010 697 2097 διάθεσιν,
748 2008 909 2076 ἀλλὰ
952 2009 1239 2077 καθόλου
1286 2007 1447 2098 πρὸς
1493 2010 1786 2085 πάντας
1831 2007 2006 2085 τούς
2049 2017 2194 2076 τῶν
2238 2033 2470 2098 πραγ-

246 2116 484 2198 μάτων
526 2117 823 2184 τοὺτων
867 2115 1407 2201 μετασχόντας.
1500 2121 1669 2185 Cave
1717 2123 1887 2185 enim
1934 2140 2017 2184 ne
2055 2121 2287 2184 ductus
2333 2114 2472 2184 ver-

250 2227 337 2292 bis
362 2232 483 2290 τῶν
519 2223 911 2315 πραγμάτων
946 2221 1187 2290 τούτων
1224 2227 1590 2291 sodalitium
1629 2229 1994 2303 contrahas3
2043 2247 2192 2291 nam
2227 2228 2472 2310 primus

250 2332 471 2399 Clinias
518 2335 809 2420 exemplo
858 2340 955 2400 est
999 2338 1059 2415 4,
1112 2337 1142 2396 1
1198 2336 1307 2416 qui
1356 2334 1671 2415 Cyrenam
1718 2335 2062 2416 navigavit.

412 2445 667 2527 Anceps
731 2443 960 2506 haereo
1022 2443 1091 2504 in
1155 2461 1286 2504 una
1348 2436 1708 2525 ἐγκρατείας
1753 2443 2066 2525 γυμνασίᾳ
2129 2441 2474 2504 iudicanda

250 2549 301 2629 5,
337 2550 375 2611 2
422 2570 583 2632 quae
632 2550 1044 2613 artificiosius
1092 2550 1290 2612 multo
1340 2568 1414 2611 ac
1461 2544 1792 2613 molestius
1840 2550 2131 2612 instituta
2167 2550 2253 2611 sit
2280 2568 2471 2629 quam

243 2654 429 2719 altera
475 2657 583 2720 illa
626 2650 895 2741 μνήμης.
1689 2674 1694 2683 “
2135 2714 2146 2725 .

412 2763 572 2828 Nam
632 2763 917 2846 profecto
976 2767 1203 2826 auctus
1251 2776 1507 2843 quoque
1554 2768 1652 2825 est
1697 2763 2071 2825 Aristoxeni
2118 2761 2473 2824 thesaurus.

252 2868 520 2933 Alterius
543 2870 585 2938 ¹)
645 2869 1148 2952 fragmentorum
1229 2870 1427 2951 partis
1490 2888 1827 2933 commune
1893 2868 1972 2947 id,
2039 2872 2112 2929 ut
2166 2868 2474 2950 praefixis

248 2969 621 3061 παρήγγελλε
662 2970 1059 3056 ἀπεφαίνετο
1095 2975 1337 3057 ubique
1367 2976 1584 3038 vocari
1618 2976 1696 3037 ad
1724 2967 2093 3055 Ἄποφάσεις
2123 2975 2473 3037 videamur.

250 3082 329 3143 At
395 3084 810 3147 vehementer
899 3083 1329 3145 Aristoxenus
1424 3083 1686 3163 negavit
1769 3101 1961 3145 carne
2047 3081 2473 3163 Pythagoram

254 3185 529 3253 docuisse
559 3188 1010 3252 abstinendum
1043 3207 1180 3252 esse
1214 3194 1372 3251 teste
1395 3189 1726 3251 Athenaeo
1762 3188 1826 3251 X
1855 3189 1985 3251 480
2007 3188 2070 3251 F.
2101 3187 2473 3270 Spernenda

248 3291 428 3373 igitur
473 3296 703 3378 capitis
754 3296 791 3356 6
842 3295 878 3375 ἓ
934 3300 961 3357 1
1015 3296 1102 3357 in.

412 3401 682 3484 Superat
746 3420 881 3483 cap.
930 3404 969 3464 9
1030 3403 1217 3464 cuius
1274 3421 1307 3465 e
1362 3400 1651 3483 partibus
1699 3401 1902 3463 tribus
1968 3420 2116 3479 una,
2181 3402 2258 3482 ἓξ
2311 3400 2347 3463 6
2397 3400 2474 3462 ad

251 3504 301 3585 8,
352 3527 733 3589 quamquam
781 3507 939 3570 locis
988 3508 1372 3589 quibuscum
1433 3514 1896 3590 componantur
1943 3507 2278 3571 destitutae
2327 3512 2478 3569 sunt

250 3629 443 3695 neque
518 3632 594 3677 ea
661 3633 731 3677 re
798 3613 1083 3677 arrident
1158 3615 1312 3676 satis
1390 3614 1560 3695 quod
1621 3616 1690 3676 in
1759 3615 1792 3694 ξ
1850 3616 1883 3677 7
1947 3614 2307 3695 praefixum
2380 3618 2478 3677 est

251 3707 633 3799 ἀπεφαίνετο
706 3720 855 3801 quia
926 3720 1213 3782 variandi
1273 3739 1464 3783 causa
1534 3720 1706 3783 idem
1761 3721 1802 3783 J
1807 3719 2160 3783 amblichus
2221 3721 2479 3802 scripsit

253 3824 345 3886 vel
390 3827 425 3907 ξ
478 3828 621 3905 178,
671 3832 879 3889 tamen
916 3845 1077 3907 quae
1109 3827 1481 3889 Aristoxeni
1510 3826 1834 3889 iudicetur
1865 3845 2003 3889 esse
2042 3846 2168 3889 non
2209 3826 2474 3908 indigna

251 3935 353 3991 est.
442 3931 678 3995 Contra
725 3932 761 4011 ξ
812 3934 867 4012 5,
936 3952 1121 4013 quam
1183 3932 1375 3994 simul
1424 3951 1570 3995 cum
1621 3932 1658 3993 3
1710 3937 1774 3995 et
1820 3932 1878 4012 4,
1925 3931 2193 3995 fortasse
2242 3953 2278 3994 a
2326 3931 2477 3995 Dio-

256 4034 385 4098 dori
426 4038 631 4120 ipsius
680 4042 937 4100 auctore
985 4038 1267 4120 petitam,
1317 4038 1610 4100 falsarius
1657 4037 1894 4101 Laertii
1943 4037 2102 4101 VIII
2143 4038 2179 4100 9
2228 4038 2294 4099 in
2345 4038 2478 4099 dia-

419 4196 459 4261 ¹)
496 4193 660 4246 Nihil
698 4192 814 4246 huc
849 4193 1076 4247 faciunt
1113 4212 1158 4248 c.
1190 4195 1224 4248 6
1262 4196 1297 4263 ἓ
1325 4194 1358 4247 2
1398 4192 1472 4247 ad
1507 4195 1539 4247 4
1578 4212 1826 4264 quarum
1853 4199 2148 4265 postrema
2183 4198 2310 4265 ipsa
2337 4192 2475 4263 qui)-

256 4292 355 4345 que
387 4285 444 4334 in
482 4281 900 4353 supplementis
927 4283 1281 4337 recensenda
1308 4287 1413 4351 est,
1452 4299 1656 4337 versus
1685 4282 2042 4337 Callimachi.
2117 4280 2205 4335 De
2239 4281 2475 4352 reliquis

254 4368 374 4423 vide
408 4370 573 4424 infra.

2123 4478 2157 4530 4
