3200 5050
1216 417 1611 478 ...3-

304 613 490 676 cuius
536 613 741 676 libelli
787 611 1058 694 vestigia
1102 611 1432 694 indagavit
1475 611 1576 692 (de
1618 612 1823 696 symb.
1852 611 2041 693 Pyth.
2074 631 2131 693 p.
2166 611 2273 691 50)
2320 629 2540 692 supre-

303 740 479 782 mum
526 720 728 782 fuisse
776 724 1100 783 auctorem
1139 718 1618 784 demonstravit.
1648 755 1733 766 —-
1764 718 2143 782 Extremum
2174 720 2211 799 ξ
2244 719 2327 782 43
2362 737 2541 800 prae-

303 832 557 909 ceptum
627 823 734 888 ἴσα
788 825 858 889 δὲ
913 819 1173 906 κυάμων
1218 819 1492 912 παρῄνει
1539 826 1902 905 ἀπέχεσθαι
1945 819 2251 910 καθάπερ
2298 824 2541 909 ἀνθρω-

303 936 508 996 πίνων
569 936 814 1018 σαρκῶν
860 933 1095 1014 quibus
1158 933 1514 996 rationibus
1561 933 1792 997 ductus
1839 933 2251 1015 philosophus
2300 932 2546 995 dederit

303 1040 696 1123 paragrapho
743 1041 829 1102 44
875 1040 1313 1119 investigatur.
1389 1039 1596 1103 Causa
1636 1045 1847 1103 autem
1875 1044 2209 1123 postquam
2241 1039 2342 1102 his
2380 1038 2544 1102 elata

304 1146 520 1210 verbis
567 1152 664 1210 est
706 1144 1023 1230 ἱστοροῦσι
1069 1146 1128 1207 ‹5’
1173 1138 1369 1208 at'vdv
1415 1139 1741 1232 ἅπαγορεί
1748 1165 1841 1208 ειν
1886 1138 1959 1207 τὸ
2004 1145 2255 1208 τοιοῦτο
2302 1136 2399 1207 ὅτι
2434 1145 2545 1228 τῆς

303 1246 561 1338 πρώτης
605 1256 732 1314 τῶν
779 1244 940 1315 ὅλων
986 1246 1177 1339 ἀρχῆς
1221 1255 1326 1316 καὶ
1372 1258 1669 1333 γενέσεως
1723 1257 2193 1338 ταραττομένης
2238 1254 2344 1315 καὶ
2390 1252 2543 1315 πολ-

303 1359 431 1422 λῶν
477 1352 611 1439 ἅμα
659 1365 1170 1445 συνηνεγμένων.
1206 1411 1218 1424 .
1251 1412 1262 1424 .
1300 1355 1445 1424 τότε
1493 1354 1569 1445 δὴ
1620 1353 1743 1423 άπὸ
1795 1361 1905 1431 τ’ἶις
1952 1352 2148 1445 αὐτῆς
2196 1355 2546 1446 σηπεδόνος

308 1461 693 1553 ἀνθρώπους
759 1471 1062 1553 συστῆναι
1106 1470 1212 1531 καὶ
1257 1462 1503 1548 κύαμον
1547 1467 1899 1553 βλαστῆσαι
1945 1468 2195 1532 duobus
2243 1469 2545 1553 deinceps

308 1575 725 1639 confirmatur
789 1575 1118 1658 exemplis
1214 1575 1496 1652 Quorum
1545 1576 1742 1638 altero
1790 1575 2001 1638 fabam
2050 1575 2347 1638 dentibus
2398 1595 2546 1639 con-

307 1682 522 1745 tritam
569 1688 634 1745 et
679 1682 800 1744 soli
845 1683 1200 1766 expositam
1250 1683 1629 1765 sanguinem
1677 1685 1756 1764 (v,
1798 1682 1937 1744 adn.
1986 1682 2048 1766 1)
2095 1682 2381 1746 redolere
2426 1683 2545 1744 hu-

307 1809 586 1871 manum,
653 1789 850 1853 altero
914 1789 1236 1853 indicatur
1300 1809 1383 1854 ex
1448 1789 1737 1852 eiusdem
1792 1789 1953 1852 flore
2001 1790 2110 1870 qui
2158 1789 2351 1853 fictili
2398 1809 2547 1854 vase

307 1897 599 1960 inclusus
641 1903 811 1960 terra
856 1897 1179 1980 operiatur
1223 1898 1574 1979 nonaginta
1621 1896 1848 1960 diebus
1896 1901 2006 1958 aut
2043 1901 2234 1978 caput
2279 1896 2546 1959 infantis

307 2005 488 2066 nasci
563 2008 674 2066 aut
745 2009 1039 2066 naturam
1103 2004 1410 2067 mulieris,
1511 2004 1889 2067 Aristoteles
1957 2003 2215 2084 quidem
2289 2022 2548 2085 prorsus

309 2110 595 2174 diversas
659 2111 955 2174 attulerat
1019 2129 1272 2188 causas3
1341 2109 1467 2172 vid.
1517 2110 1699 2192 Diog.
1747 2109 1953 2173 Laert.
2001 2109 2163 2172 VIII
2210 2111 2295 2172 34
2358 2112 2550 2195 φησὶν

307 2211 718 2303 Ἀριστοτέλης
756 2219 913 2302 περὶ
958 2211 1218 2297 κυάμων
1264 2217 1721 2302 παραγγέλλειν
1777 2211 1970 2281 αὐτὸν
2020 2209 2379 2296 ἀπέχεσθαι
2425 2221 2551 2280 τῶν

307 2319 566 2405 κυάμων
627 2320 768 2410 ἤτοι
832 2317 927 2388 ὅτι
993 2322 1250 2396 αἰδοίοις
1310 2323 1470 2390 εἰσὶν
1527 2317 1735 2406 ὅμοιοι
1796 2317 1832 2386 ἷῗ
1891 2317 1988 2388 ὅτι
2021 2317 2244 2388 ’Ἀιδου
2291 2320 2549 2397 πύλαις·

310 2426 611 2512 άγόνατον
655 2426 772 2518 γὰρ
815 2427 1039 2513 μόνον·
1081 2425 1120 2519 ἢ
1169 2424 1266 2495 ὅτι
1313 2436 1576 2519 φθείρει
1623 2425 1662 2492 ‘3⁶¹
1710 2423 1809 2496 ὅτι
1873 2437 1953 2519 τῇ
1998 2433 2113 2495 τοῦ
2162 2425 2312 2495 ὅλου
2360 2426 2551 2514 φύσει

310 2534 530 2621 ὅμοιον
605 2534 646 2627 ἢ
684 2533 807 2605 -ὅτι
886 2534 1306 2627 ὀλιγαρχικόν·
1387 2540 1765 2625 κληροῦνται
1842 2545 1991 2621 γοῦν
2060 2533 2286 2612 αὐτοῖς.
2411 2540 2550 2617 Quo

311 2650 550 2712 maiore
595 2648 750 2730 fide,
822 2648 901 2711 ci.
949 2647 1186 2711 Rohdii
1231 2648 1348 2729 l.l.,
1415 2648 1649 2730 dignus
1696 2653 1792 2711 est
1836 2650 1893 2711 is
1940 2650 2068 2730 qui,
2138 2668 2284 2711 cum
2326 2640 2553 2711 'eadem

312 2774 475 2837 quae
520 2755 922 2839 Porphyrius
968 2755 1065 2818 1.1.
1115 2754 1354 2835 scribit,
1401 2773 1530 2817 non
1577 2755 1990 2818 Aristotelem
2038 2754 2149 2818 sed
2198 2755 2551 2817 Antonium

313 2862 667 2945 Diogenem
715 2867 941 2927 testem
989 2861 1270 2945 appellat
1310 2860 1585 2925 Ioannes
1614 2861 1836 2942 Lydus
1874 2862 1953 2925 de
1990 2881 2187 2925 mens,
2218 2861 2313 2923 IV
2343 2862 2426 2923 42
2450 2862 2552 2924 W.

311 2973 608 3053 Διογένης
665 2965 733 3032 ἐν
778 2964 1248 3055 τριςκαιδεκάτῃ
1298 2967 1585 3031 ἀπίστων
1631 2964 1839 3031 ταῦτά
1881 2986 2071 3053 φησιν
2117 2967 2300 3053 nal)
2394 2968 2553 3031 Cum

315 3124 628 3179 dialectum
646 3131 950 3181 mutuatus
970 3131 1059 3181 est
1073 3126 1480 3197 Pythagoreus
1499 3125 1611 3179 ille.
1644 3125 1756 3190 Qui
1776 3142 1907 3178 cum
1921 3124 2257 3180 Aristoxeni
2266 3124 2555 3195 Pythago·

313 3219 395 3270 rei
415 3214 609 3268 ultimi
627 3214 804 3269 libros
819 3220 1083 3271 imitatus
1101 3221 1180 3271 sit
1190 3215 1441 3285 (efflolk
1463 3216 1762 3286 p.47),non
1780 3220 1973 3285 potest
1992 3220 2104 3269 nisi
2125 3234 2160 3269 a
2176 3214 2413 3269 falsario
2432 3234 2557 3271 esse

313 3309 665 3376 procreatus.
703 3302 855 3358 Nam
873 3311 1172 3376 praeterea
1190 3310 1258 3358 ut
1271 3305 1607 3359 Aristoxeni
1627 3302 1948 3375 Hippoboti
1966 3303 2253 3359 Neanthis
2273 3310 2334 3359 in
2358 3305 2556 3359 Theol.

311 3394 549 3448 Arithm
583 3393 620 3447 l.
643 3393 678 3447 1.
700 3398 977 3449 societate
1011 3399 1235 3465 gratiae
1263 3399 1498 3449 nostrae
1529 3392 1969 3448 commendatur
1999 3394 2133 3460 (vid.
2156 3394 2556 3449 Frendenthal

313 3482 446 3553 1.1.)‚
474 3487 559 3536 ita
587 3487 894 3554 suspectus
920 3499 1044 3537 esse
1075 3482 1247 3537 debet
1264 3482 1582 3537 Eubulides
1613 3498 1841 3552 quoque
1868 3486 1968 3552 qui
2004 3484 2220 3538 ibidem
2256 3488 2557 3538 excitatur.

498 3575 538 3641 ¹)
575 3570 880 3627 Nanckius
915 3572 1150 3643 quidem
1205 3589 1338 3627 cum
1385 3572 1542 3626 dicat
1576 3590 1632 3643 p.
1674 3572 1758 3641 41,
1798 3573 1974 3627 2-14
2012 3572 2143 3626 adn.
2182 3566 2323 3642 „dub
2362 3574 2453 3644 τῆς
2493 3606 2555 3613 -

317 3662 516 3714 αἰδοῖον
553 3666 852 3733 tamquam
893 3662 950 3730 (1)
987 3661 1270 3733 Diogenis
1310 3662 1488 3717 verba
1534 3662 1713 3719 affert
1748 3664 1790 3719 J
1792 3679 2009 3718 oannes
2044 3662 2299 3731 Lydus“,
2350 3680 2381 3717 e
2420 3662 2555 3717 Por-

315 3750 543 3822 phyriO,
598 3768 718 3805 non
753 3768 826 3805 ex
863 3750 1122 3805 Antonio
1159 3756 1284 3823 ipso
1322 3756 1665 3821 cognovisse
1702 3770 1836 3807 eum
1874 3752 2198 3806 doctrinam
2234 3751 2559 3806 mirabilem

315 3839 550 3894 videtur
586 3840 930 3909 significare.
1003 3840 1183 3895 Haud
1217 3847 1390 3895 recte.
1464 3841 1616 3896 Nam
1664 3841 1820 3896 unde
1857 3842 1991 3896 libri
2026 3858 2351 3907 numerum,
2401 3840 2459 3893 ἔν
2496 3844 2558 3916 τῇ

314 3924 733 4004 τρισκαιδεκάτῃ,
770 3930 812 3985 J
813 3948 1031 3987 oannes
1057 3931 1305 4003 petivit?
1378 3932 1595 3987 Mirum
1634 3948 1789 4001 sane,
1826 3932 1982 4003 quod
2008 3933 2105 3985 hic
2126 3934 2201 4003 (p.
2226 3932 2346 3999 100,
2386 3937 2418 3986 6
2439 3932 2555 4001 W.)

317 4038 452 4075 cum
479 4020 806 4091 Porphyrio
833 4025 908 4092 (p.
937 4021 1024 4089 41,
1054 4022 1108 4091 7)
1146 4022 1390 4075 tradidit
1415 4017 1593 4089 φόνου,
1634 4021 1791 4093 apud
1818 4021 2209 4093 Hippolytum
2236 4020 2368 4075 Ref.
2398 4022 2557 4076 haer.

317 4128 370 4181 p.
412 4110 497 4177 12,
533 4109 603 4163 76
641 4108 712 4163 G.
751 4106 914 4179 γόνου
951 4110 1185 4179 legitur.
1260 4109 1376 4165 Sed
1429 4110 1568 4164 illud
1625 4109 1785 4164 haud
1841 4110 2015 4165 dubie
2051 4110 2346 4165 Antonius
2383 4114 2560 4182 scrip-

317 4203 498 4268 serat3
555 4198 691 4253 vide
742 4214 856 4269 quo
913 4204 1123 4253 exeant
1177 4204 1301 4254 eius
1349 4200 1526 4254 verba
1581 4200 1737 4271 apud
1772 4200 1815 4254 J
1816 4218 1987 4254 oann.
2026 4218 2079 4271 p.
2121 4200 2240 4267 100,
2282 4201 2347 4253 17
2386 4198 2464 4252 ὅτι
2501 4198 2561 4252 δὲ

315 4283 520 4360 κύαμος
555 4280 659 4341 άπὸ
687 4289 782 4339 τοῦ
819 4287 1098 4359 αἵματος
1135 4292 1258 4359 (pro
1277 4306 1391 4359 quo
1408 4306 1582 4361 supra
1601 4289 1829 4343 dixerat
1846 4283 2031 4356 φόνου)
2070 4290 2295 4361 εἴρηται,
2332 4282 2559 4341 δυνατὸν

317 4377 380 4451 τῇ
415 4378 578 4449 πείρᾳ
607 4378 956 4449 παραλαβεῖν.

2173 4484 2236 4537 l*
