3200 5050
1551 406 1993 469 ...50-

654 601 892 664 lectum
945 601 1222 666 ionicam
1271 602 1588 665 convertit
1633 635 1717 648 --
1766 621 1914 664 nam
1962 600 2351 664 contrarium
2397 600 2779 664 incredibile
2814 637 2900 648 —

654 727 690 770 e
735 707 965 771 Jambl.
1015 707 1092 789 ἐξ
1140 708 1264 770 201
1291 725 1354 770 ss
1421 707 1680 789 quidem
1746 708 1898 772 elici
1962 728 2088 771 non
2154 708 2377 790 potuit.
2468 706 2650 771 Licet
2722 708 2899 771 enim

655 812 865 876 verbis
931 814 967 894 ξ
1014 814 1140 876 201
1208 809 1277 876 ἐν
1323 811 1392 876 δὲ
1450 817 1540 898 τῷ
1595 807 1981 899 ἀνθρωπίνῳ
2039 816 2157 898 βίῳ
2221 816 2309 899 uf
2355 806 2684 893 σύμπαντι
2728 805 2911 876 εἷναί

652 940 824 990 τινας
889 916 1128 1005 ἡλικίας
1191 915 1320 982 ἕνδ
1328 940 1359 982 ε
1371 919 1412 982 δ
1421 941 1460 982 α
1473 923 1775 1000 σμένας,
1836 912 2001 983 οὕτω
2064 912 2181 1005 γὰρ
2242 920 2350 982 καὶ
2402 919 2603 999 λέγειν
2665 912 2905 991 αὐτούς

653 1041 863 1106 φασιν,
911 1019 984 1096 ἃς
1029 1017 1142 1088 οὐκ
1188 1017 1353 1089 εἶναι
1397 1029 1514 1088 τοῦ
1541 1020 1840 1106 τυχόντος
1866 1019 2028 1110 πρὸς
2061 1019 2333 1111 ἀλλήλας
2355 1033 2635 1110 συνεῖραι
2663 1026 2905 1090 tabella

655 1136 931 1196 aetatum
994 1132 1369 1196 instituatur
1436 1170 1517 1180 —
1584 1152 1806 1197 senem
1866 1135 2164 1218 (γέροντα,
2226 1153 2355 1196 non
2419 1127 2901 1218 πρεσβύτερον),

655 1240 840 1302 cuius
905 1241 1142 1303 mentio
1208 1240 1386 1303 nulla
1439 1240 1520 1303 fit
1579 1259 1791 1323 neque
1857 1240 2113 1304 videtur
2168 1240 2318 1304 fieri
2381 1241 2681 1323 potuisse,
2754 1241 2901 1322 ipse

652 1351 874 1427 postea
917 1346 1110 1410 facile
1157 1346 1454 1429 suppleas
1503 1369 1616 1410 —:
1665 1347 2027 1410 instituitur
2055 1348 2278 1429 utique
2306 1349 2445 1430 ipso
2471 1347 2693 1411 eodem
2727 1347 2895 1412 loce.

654 1449 880 1534 Neque
942 1453 1114 1516 enim
1169 1453 1340 1516 ullus
1385 1454 1851 1536 paragraphum
1900 1455 2025 1517 201
2076 1453 2395 1536 legentem
2441 1459 2635 1517 vexat
2680 1453 2901 1515 hiatus

654 1577 862 1641 neque
888 1559 931 1622 J
934 1559 1321 1623 amblichum
1361 1565 1431 1622 ut
1460 1562 1919 1624 convincamus
1956 1562 2027 1623 in
2061 1560 2255 1624 verba
2292 1555 2360 1623 ἒν
2388 1558 2459 1623 δὲ
2484 1563 2575 1645 τῷ
2599 1551 2898 1643 ἇνθρωπ.

653 1664 732 1728 ad
777 1660 1237 1746 ἐνδεδασμένας
1285 1685 1448 1748 quae
1495 1667 1801 1750 ampliora
1848 1667 2191 1750 aliquando
2231 1667 2475 1732 fuerint
2510 1668 2897 1730 coartavisse

653 1773 993 1855 quisquam
1059 1773 1339 1836 suadeat.
1449 1774 1550 1836 Ad
1609 1793 1941 1851 summam,
2016 1775 2557 1857 periculosissima
2632 1793 2735 1838 res
2818 1793 2900 1838 ea

652 1879 931 1944 maxime
996 1880 1074 1943 de
1139 1899 1356 1958 causa,
1423 1881 1592 1963 quod
1661 1881 2063 1945 Jamblichus
2130 1881 2423 1945 omnibus
2493 1900 2567 1945 eo
2644 1881 2898 1944 viribus

651 1985 874 2068 tendit,
921 1991 993 2049 ut
1037 1989 1228 2068 qua'm
1276 1986 1546 2052 difficile
1591 1989 1675 2052 sit
1717 1991 2081 2058 νεανίσκους
2118 1989 2391 2053 educare
2430 1987 2895 2070 intellegamuS‚

649 2091 971 2155 Diodorus
1034 2094 1105 2154 in
1159 2093 1374 2176 lepido
1430 2100 1829 2176 venustoque
1878 2096 2033 2158 anni
2080 2101 2436 2178 temporum
2483 2099 2898 2176 aetatumque

651 2199 928 2261 hominis
975 2199 1172 2262 simili
1222 2205 1524 2264 versatur.
1621 2200 1819 2277 Quale
1866 2202 2027 2265 mihi
2076 2201 2332 2284 quidem
2380 2222 2417 2264 a
2461 2201 2708 2283 reliqua
2736 2201 2898 2265 Sen-

652 2307 996 2368 tentiarum
1045 2306 1452 2389 simplicitate
1500 2313 1691 2390 atque
1724 2309 2291 2391 argumentationis
2328 2309 2695 2372 austeritate
2732 2327 2897 2371 non-

649 2411 812 2474 nihil
877 2412 1204 2476 dissonare
1269 2413 1540 2476 videtur
1635 2414 1840 2491 Quam
1888 2415 1966 2478 ob
2013 2434 2150 2478 rem
2198 2416 2235 2496 ξ
2282 2415 2463 2478 209s
2508 2407 2722 2476 πολλὰ
2765 2416 2901 2475 τῶν

647 2511 811 2581 κατὰ
855 2512 964 2581 τὸν
1013 2513 1422 2605 ἀνθρώπινον
1465 2525 1607 2604 βίον
1650 2526 1917 2585 τοιαῦτα
1964 2513 2129 2585 εἶναι
2174 2517 2244 2585 ἐν
2288 2509 2381 2593 οἷς
2426 2513 2677 2603 βέλτιόν
2720 2517 2901 2585 ἐστιν

649 2619 687 2710 ἡ
752 2626 1106 2713 ὃψιμαθία,
1175 2624 1260 2688 ὧν
1321 2618 1487 2690 εἶναι
1546 2650 1653 2691 και
1707 2621 1823 2714 τὴν
1866 2632 1993 2691 τῶν
2039 2621 2424 2713 ἀφροδισίων
2468 2632 2709 2712 χρείαν·
2758 2628 2901 2692 δεῖν

649 2732 766 2795 οὖν
809 2726 922 2795 τὸν
983 2734 1188 2797 παῖδα
1254 2727 1452 2805 ου’τως
1515 2730 1785 2813 ἄγεσθαι
1841 2727 2000 2799 ὥστε
2056 2728 2147 2820 μὴ
2208 2734 2411 2821 ζητεῖν
2474 2728 2688 2806 ἐντὸς
2744 2739 2899 2797 τῶν

651 2837 936 2901 εἴκοσιν
983 2835 1168 2902 ἐτῶν
1211 2833 1329 2924 τὴν
1372 2835 1678 2927 τοιαύτην
1722 2846 2061 2906 συνουσίαν
2106 2848 2179 2905 ut
2224 2842 2429 2906 obiter
2464 2843 2900 2905 Aristoxenus

651 2947 1194 3011 celebrem'illam
1233 2952 1511 3011 aetatum
1560 2948 1843 3012 tabulam
1888 2950 2259 3031 significare
2302 2949 2571 3030 videtur,
2618 2950 2708 3011 ita
2738 2948 2900 3011 Dio-

650 3053 784 3116 dori
855 3055 892 3134 §
954 3056 989 3115 5
1061 3055 1270 3136 ipsum
1331 3055 1539 3120 simile
1606 3076 1644 3118 a
1708 3056 2055 3119 Sententiis
2120 3062 2217 3119 est
2279 3056 2501 3119 aliena.
2595 3054 2893 3136 Denique

651 3160 896 3223 alienae
945 3162 1208 3242 originis
1257 3162 1596 3245 vestigium
1645 3163 1809 3246 apud
1845 3163 2020 3226 hunc
2046 3183 2177 3225 non
2211 3163 2403 3226 deest.
2470 3165 2627 3226 Βίου
2659 3166 2899 3226 Πυθα-

647 3270 892 3351 γορείου
957 3267 1315 3350 fragmenta
1381 3269 1801 3351 Pythagoreis
1867 3271 2190 3351 assignare
2251 3268 2428 3350 solet,
2491 3260 2901 3349 Ἄποφοὶσεων

650 3372 1046 3455 Pythagorae
1096 3375 1234 3436 uni:
1285 3368 1542 3460 διῄρουν
1578 3375 1670 3437 ibi
1709 3376 1961 3457 scripsit
1995 3376 2199 3438 forma
2235 3375 2409 3438 illius
2446 3376 2703 3458 propria
2742 3394 2890 3438 cum

648 3486 1021 3562 argumento
1072 3481 1147 3542 ab
1198 3481 1422 3544 eodem
1473 3482 1692 3563 utique
1740 3482 1947 3545 alieno
1998 3483 2359 3545 commixta.

828 3585 1062 3650 Contra
1105 3587 1524 3649 iurisiurandi
1570 3607 1757 3650 usum
1807 3588 2061 3670 qualem
2107 3588 2496 3670 Pythagorei
2535 3590 2895 3653 concessis—

648 3698 789 3756 sent
852 3694 1097 3775 aperire
1167 3694 1631 3757 Aristoxenum
1706 3715 1832 3757 non
1897 3696 2187 3758 omisisse
2252 3694 2552 3776 equidem
2610 3695 2891 3758 confido.

648 3800 867 3863 Unum
929 3799 996 3861 id
1063 3801 1436 3882 ambiguum
1502 3802 1885 3883 scriptorum
1948 3803 2368 3884 posteriorum
2416 3803 2575 3864 utris
2621 3803 2887 3884 gratiam

649 3905 1005 3969 debeamus
1098 3906 1290 3991 Μηδὲ
1337 3899 1603 3985 ὀμνύναι
1639 3900 1861 3977 θεούς·
1910 3900 2120 3970 ἀσκεῖν
2165 3900 2279 3992 γὰρ
2328 3899 2522 3969 αὑτὸν
2564 3908 2698 3970 δεῖν
2728 3900 2894 3982 ἄξιό-

646 4030 877 4074 πιστον
939 4017 1249 4097 παρέχειν
1306 4012 1543 4077 Laertii
1608 4015 1676 4076 in
1746 4016 2089 4077 summario
2140 4017 2177 4095 ξ
2226 4015 2309 4076 22
2351 4015 2546 4078 verba
2592 4022 2760 4095 sunt,
2808 4014 2885 4077 cf.

645 4119 704 4183 J.
756 4121 859 4200 47,
924 4119 1272 4182 Jamblicl1i
1340 4121 1408 4181 in
1475 4122 1511 4201 ξ
1564 4122 1690 4181 144
1754 4122 1908 4204 περὶ
1974 4119 2043 4182 δὲ
2107 4112 2253 4191 τούς
2322 4113 2543 4205 ὅρκους
2607 4119 2894 4202 εὐλαβῶς·

645 4218 841 4296 οῖ’τως
888 4225 1186 4287 διέκειντο
1235 4219 1472 4296 πάντες
1519 4224 1578 4288 οἱ
1625 4206 2077 4310 Πυθαγόρειοι,
2138 4219 2298 4288 ὥστε
2344 4223 2581 4297 Σύλλος
2626 4214 2720 4298 εἷς
2763 4229 2891 4288 τῶν

646 4327 714 4393 ἐν
777 4327 1058 4415 Κρότωνι
1135 4335 1602 4417 Πυθαγορείων
1692 4338 1948 4411 (nomen
2018 4336 2286 4397 accessit
2346 4354 2380 4397 e
2450 4335 2485 4415 ξ
2537 4336 2687 4413 150)
2754 4325 2888 4395 ὑπὸ
